2670 4126
2469 120 2520 162 11

1229 257 1275 322 §—
1353 256 1401 306 9.

949 361 1042 417 De
1083 361 1276 434 fundis
1318 361 1681 430 yeneralibuS.

249 523 292 576 I.
352 521 572 575 Fundus
610 516 892 589 religioniS,
933 516 1206 587 formatus
1244 522 1322 570 est
1374 514 1535 588 [decr.
1575 516 1675 568 aul.
1719 517 1826 586 (12.
1865 515 2009 587 Jan.)
2049 516 2134 569 28.
2174 513 2327 567 Febr.
2370 514 2524 582 1782,

106 612 154 666 7.
192 611 312 667 Jan.
355 611 512 677 1783,
573 609 654 662 18.
705 605 822 661 Oct.
864 603 1004 657 1792
1056 602 1174 676 cet.]
1234 621 1263 656 e
1318 603 1465 655 bonis
1521 603 1967 671 monasteriorum,
2026 602 2525 669 confraternitatum,

105 699 514 765 canonicatuum,
570 692 939 748 beneficiorum
995 690 1322 763 simplicium,
1379 691 1651 745 feudorum
1708 683 1911 744 eccles(
1944 691 2009 743 ab
2069 690 2390 763 Imperatore
2437 689 2528 744 Jo-

104 787 265 860 sepho
321 785 394 839 II.
451 792 503 837 et
555 789 735 855 postea
789 797 1182 852 suppressorum
1238 797 1409 851 neque
1463 779 1557 832 fini
1610 779 1824 852 speciali
1880 778 2250 847 dedicatorum,
2303 778 2358 830 in
2415 777 2526 831 dies

105 885 324 947 auqetur
359 873 411 945 a)
449 870 700 924 fructibus
738 867 1129 922 intercalaribus
1167 887 1324 940 supra
1361 872 1405 938 §-
1448 868 1496 920 5.
1536 887 1677 921 num.
1716 870 1792 935 5.;
1833 865 1888 938 6)
1928 866 2122 920 tributo
2162 867 2527 939 episcoporum

105 960 355 1027 auxiliari,
394 978 551 1032 supra
587 962 633 1027 §-
662 959 709 1010 6.
750 975 888 1008 num.
927 958 1004 1023 2.;
1045 956 1093 1027 c)
1116 955 1296 1010 eodem
1334 956 1527 1009 tributo
1556 956 1801 1010 solvendo
1841 974 1870 1007 a
1898 955 2219 1008 monasteriis
2261 954 2524 1025 (abbatiis)

105 1051 190 1118 ita,
229 1056 286 1102 ut
322 1046 541 1118 singulis
581 1043 840 1099 decenniis
879 1043 1140 1097 redituum
1178 1051 1230 1097 et
1267 1062 1615 1116 expensarum
1654 1044 1812 1097 index
1839 1043 2103 1097 faciendus
2130 1043 2199 1096 sit
2224 1050 2275 1096 et
2303 1043 2528 1096 dodrans

17 1196 23 1202 ,
104 1139 212 1210 ejus
262 1134 439 1208 partiS,
498 1152 599 1205 qua
635 1132 832 1185 reditus
872 1149 1128 1204 expensas
1168 1141 1391 1204 superat,
1446 1132 1524 1184 illi
1562 1132 1721 1185 fundo
1777 1132 2060 1199 tribuatur3
2117 1131 2172 1203 d)
2213 1131 2528 1205 specialibus

104 1223 352 1278 reditibus
392 1224 471 1295 (ut
506 1221 560 1273 in
598 1219 847 1273 Bohemia
884 1219 936 1271 vi
972 1219 1111 1292 pacti
1148 1219 1282 1272 inter
1319 1219 1451 1292 Imp.
1491 1220 1884 1274 Ferdinandum
1921 1218 2025 1272 III.
2068 1227 2120 1273 et
2157 1219 2216 1272 P.
2255 1219 2528 1275 Urbanum

0 1310 20 1350 ἶ
107 1311 263 1365 VIII.
323 1330 367 1363 a.
410 1310 551 1363 1630
599 1327 631 1360 a
669 1307 850 1379 quovis
902 1326 1050 1361 sacco
1102 1308 1223 1360 salis
1263 1308 1368 1381 71s2
1407 1309 1484 1361 kr.
1537 1328 1675 1362 mon.
1714 1309 1911 1376 vienn.;
1972 1326 2015 1360 a.
2058 1308 2198 1360 1863
2238 1307 2337 1359 hoc
2374 1306 2527 1360 titulo

109 1400 296 1454 19.719
322 1399 462 1452 fl.m.
490 1418 534 1450 a.
572 1395 761 1449 fundus
788 1395 1057 1468 percepit).
1134 1395 1291 1449 Anno
1334 1397 1472 1449 1863
1501 1397 1695 1449 tributa
1733 1397 1827 1448 sub
1860 1397 1908 1448 b.
1949 1404 2001 1449 et
2040 1414 2082 1447 c.
2122 1402 2295 1448 erant:
2339 1396 2392 1461 1)
2426 1413 2523 1466 pro

103 1487 266 1540 fundo
316 1485 563 1539 Austriae
610 1484 788 1557 infer:
843 1482 907 1535 ab
960 1482 1187 1556 archiep.
1239 1484 1428 1537 Vienn.
1469 1486 1592 1552 873,
1645 1503 1721 1556 ep.
1776 1483 1831 1538 S.
1871 1483 2090 1556 Hippol.
2129 1482 2255 1549 472,
2307 1490 2524 1536 monast.

103 1575 327 1629 Barnab.
367 1575 490 1640 860,
542 1571 772 1624 Minorit.
813 1572 934 1641 163,
985 1569 1244 1625 Dominio.
1289 1573 1408 1639 756,
1461 1573 1553 1625 ab*
1580 1581 1694 1626 octo
1746 1572 1965 1625 abbatiis
1998 1572 2191 1624 16.044
2226 1570 2281 1623 in
2328 1589 2528 1624 summa

107 1664 299 1717 19.168
336 1662 388 1716 fl.
493 1660 549 1731 2)
589 1665 766 1713 Austr.
805 1678 972 1730 super.
1024 1679 1054 1712 a
1092 1660 1242 1733 capit.
1283 1660 1428 1714 Linc.
1480 1669 1531 1714 et
1570 1663 1601 1714 6
1642 1661 1810 1716 abbat.
1854 1662 2061 1714 10.999.
2138 1659 2192 1730 3)
2233 1659 2528 1724 Bohemiae,

103 1750 328 1824 archiep.
367 1747 527 1819 Prag.
568 1747 745 1814 2670,
787 1747 1049 1801 Dominio.
1089 1756 1141 1801 et
1180 1748 1451 1803 Johannit.
1491 1750 1613 1817 223,
1652 1767 1888 1821 praepos.
1928 1748 2080 1820 capit.
2108 1747 2328 1819 Metrop.
2370 1749 2527 1813 2100,

103 1840 135 1893 3
173 1838 291 1891 abb.
329 1844 381 1891 et
418 1835 532 1889 aliis
571 1843 790 1889 monast.
830 1837 971 1890 8862
1010 1836 1061 1889 fl.
1136 1838 1194 1908 4)
1233 1836 1433 1892 Morav.
1475 1837 1702 1910 archiep.
1743 1837 1919 1904 2.743,
1972 1835 2127 1909 episc.
2167 1835 2365 1888 Brunn.
2406 1835 2528 1901 672,

103 1946 134 1978 a
189 1932 410 1980 monast.
467 1925 627 1978 2280
662 1923 713 1975 fi.
793 1924 848 1994 5)
889 1923 1034 1977 Silae.
1091 1924 1244 1996 episc.
1302 1924 1539 1978 VVratisl.
1599 1924 1704 1977 617
1743 1924 1793 1978 fi.
1871 1926 1925 1994 6)
1980 1924 2170 1977 Salisb.
2227 1943 2258 1975 a
2313 1929 2528 1976 monast.

104 2015 208 2068 315
244 2013 295 2067 fl.
373 2012 427 2084 7)
476 2010 643 2085 Tyrol.
697 2018 750 2064 et
798 2010 1125 2084 Vorarlbery.
1177 2032 1207 2064 a
1245 2015 1277 2066 2
1317 2012 1484 2065 abbat.
1540 2012 1696 2066 7225
1735 2012 1784 2065 fl.
1861 2013 1918 2084 8)
1960 2012 2170 2078 Stiriate,
2224 2030 2306 2085 ep.
2346 2011 2530 2068 Secov.

102 2103 210 2155 416
246 2101 328 2168 fl.,
368 2119 398 2152 a
437 2101 468 2152 5
507 2117 648 2153 mon.
687 2105 738 2152 et
781 2098 898 2152 abb.
939 2098 1044 2153 735
1082 2100 1163 2167 fl.‚
1203 2100 1259 2173 9)
1305 2100 1608 2155 Car-inthiae
1647 2101 1803 2174 episc.
1844 2099 2005 2155 Gurc.
2029 2101 2135 2153 610
2154 2100 2206 2156 fl.
2271 2099 2359 2171 10)
2405 2097 2532 2152 Car-

105 2189 291 2251 niolae‚
331 2188 487 2262 episc.
525 2186 717 2239 Labac.
760 2186 865 2241 527
903 2186 954 2239 fl.

245 2275 421 2329 Fundi
471 2274 794 2346 singularum
834 2281 1091 2327 terrarum
1129 2293 1159 2327 a
1199 2274 1467 2329 Gubernio
1508 2274 1902 2348 (Statthalterei,
1952 2274 2332 2346 Landesstelle)
2385 2292 2532 2347 sepa-

102 2363 202 2417 rati
238 2362 667 2416 administrantur
716 2361 859 2433 (vi-de
900 2362 1158 2417 Concord.
1211 2371 1304 2415 art.
1343 2362 1554 2416 XXXI.
1607 2363 1901 2436 XXXII.);
1966 2364 2217 2436 „budyeffl
2277 2361 2532 2436 episcopis

108 2450 175 2504 ad
211 2450 533 2515 monendum
585 2450 1002 2503 communicatur.
1097 2449 1260 2517 Quae,
1318 2450 1550 2504 deductis
1602 2453 1861 2524 expensis,
1924 2452 2201 2524 quotannis
2240 2458 2531 2524 supersunt,

107 2539 161 2610 1)
201 2537 533 2592 conferuntur
588 2537 654 2590 ad
702 2537 1048 2592 restituendas
1105 2558 1345 2606 summaS,
1405 2558 1532 2610 quas
1589 2540 1882 2613 respublica
1937 2539 2110 2593 fundis
2168 2539 2294 2611 ipsis
2352 2547 2532 2614 mutuo

104 2625 262 2679 dedit.
338 2623 536 2679 Omnes
576 2625 738 2693 fundi,
791 2625 945 2679 etiam
986 2625 1223 2679 ditissimi
1262 2627 1432 2679 adhuc
1471 2618 1729 2682 debitores
1755 2628 2071 2700 reipublicae
2096 2634 2231 2683 sunt.
2307 2626 2374 2679 Id
2411 2626 2532 2679 inde

102 2712 256 2779 venit,
308 2719 366 2766 ut
405 2730 470 2765 ex
508 2732 554 2765 a.
598 2714 729 2766 1841
786 2731 974 2766 usurae
1011 2714 1430 2788 syngrapharum
1467 2715 1792 2786 publicarum
1845 2716 1987 2789 (lege
2025 2722 2221 2788 patent.
2262 2714 2447 2767 financ.
2487 2734 2531 2766 a.

106 2801 240 2853 1811
301 2799 636 2853 reductarum
694 2807 744 2854 et
798 2800 1046 2872 paulatim
1107 2822 1204 2876 pro
1242 2802 1375 2855 serie
1430 2803 1704 2873 quotannis
1755 2804 1885 2857 sorti
1922 2803 2292 2874 subiectarum)
2340 2802 2533 2874 plenae

104 2886 426 2941 solverentur
473 2890 532 2941 in
587 2899 909 2941 antecessum.
1007 2888 1128 2943 Hoc
1185 2888 1419 2943 debitum
1456 2898 1602 2944 tanto
1652 2891 1821 2944 minus
1858 2892 2005 2946 brevi
2055 2899 2287 2962 tempore
2330 2888 2531 2943 restitui

105 2974 311 3046 poterit,
369 2975 507 3046 quod
564 2975 894 3030 necessitates
955 2986 1075 3031 sunt
1126 2985 1319 3031 auctae.
1416 2976 1504 3029 Ad
1541 2978 1658 3031 illas
1697 2999 1878 3032 usuras
1932 2979 1988 3032 in
2027 2986 2348 3032 antecessum
2387 2977 2531 3028 datas

107 3061 358 3115 accedunt
393 3062 656 3135 impensae
691 3082 788 3136 pro
816 3063 1264 3118 administratione
1290 3065 1516 3132 debitae,
1549 3098 1615 3106 —
1642 3066 1699 3137 2)
1727 3067 1770 3119 si
1798 3066 1970 3120 debita
2006 3066 2272 3140 persoluta
2309 3064 2428 3130 sint,
2468 3062 2532 3115 ad

107 3147 420 3221 supplendos
471 3150 700 3225 defectus
754 3151 987 3205 aliorum.
1082 3152 1188 3217 Qui
1239 3152 1400 3219 fundi,
1457 3152 1502 3205 si
1551 3153 1755 3207 omittas
1807 3155 1994 3222 debita,
2053 3172 2185 3225 quae
2234 3150 2531 3217 memoravi,

107 3235 379 3302 sufficiant,
430 3255 523 3291 suo
560 3240 671 3292 loco
712 3238 930 3293 dicetur.
1023 3239 1239 3293 Fundos
1278 3240 1413 3312 ipsos
1452 3240 1507 3292 in
1545 3241 1789 3297 ecclesiae
1827 3261 1941 3297 esse
1979 3240 2208 3296 dominio
2249 3247 2387 3293 certo
2427 3255 2533 3292 cer-

107 3323 208 3376 tius
250 3330 326 3376 est
364 3330 415 3376 et
451 3325 748 3379 concordati
786 3326 1003 3380 articulo
1041 3327 1253 3380 XXXI.
1294 3327 1619 3400 exprimitur.

250 3409 297 3463 E
348 3410 524 3464 fundis
574 3414 1005 3484 suppeditantur:
1069 3415 1120 3486 1)
1159 3413 1296 3466 tituli
1335 3415 1570 3482 ordinat,
1628 3416 1685 3488 2)
1723 3415 1998 3488 pensiones
2037 3414 2308 3480 emeriten,
2367 3413 2534 3468 deme·

107 3498 251 3552 ritor.
290 3498 608 3566 clericorum,
648 3498 703 3570 3)
742 3500 1054 3574 adjuvantur
1091 3502 1407 3556 monasteria
1444 3503 1863 3570 mendicantium,
1917 3501 2349 3573 congregationes
2392 3501 2534 3555 femi-

108 3604 293 3638 narum
330 3586 407 3640 rei
443 3585 780 3641 scholasticae
819 3595 912 3642 cet.
954 3589 1256 3656 deditarum,
1295 3588 1353 3660 4)
1392 3608 1555 3643 novae
1592 3590 1870 3662 parochiae
1910 3588 2205 3661 (ecclesiae)
2246 3588 2531 3659 eriguntur.

111 3680 432 3744 reparantur,
491 3673 736 3726 dotantur
790 3676 1023 3746 parochi,
1096 3677 1177 3747 5).
1212 3675 1598 3747 capellanorum
1657 3676 1935 3744 mercedeS,
1996 3676 2049 3746 6)
2105 3694 2202 3746 pro
2259 3675 2531 3729 seminario

113 3756 298 3826 cleric.,
355 3760 680 3814 facultatibus
719 3760 895 3829 theol.,
945 3763 1194 3816 institutis
1247 3763 1403 3817 theol.
1445 3764 1746 3831 necessaria,
1807 3797 1873 3803 —
1930 3762 2108 3836 paucis
2145 3762 2317 3816 verbis
2355 3782 2531 3817 omnes

111 3843 379 3917 impensae
426 3847 817 3916 ecclesiasticae,
874 3849 940 3902 ad
979 3869 1106 3922 quas
1145 3850 1407 3904 faciendas
1444 3869 1619 3923 neque
1669 3857 1839 3904 certus
1876 3849 2081 3917 fundUS,
2129 3849 2267 3904 bona
2305 3850 2530 3924 propria,
