2670 4126
211 123 265 165 92

207 251 294 323 qui
322 259 541 305 aetatem
567 252 841 304 militarem
863 253 1254 324 compleverunt
1277 262 1326 309 et
1347 256 1711 329 conscriptioni
1739 256 2034 326 subjacent3
2062 259 2110 330 c)
2136 259 2336 313 medico
2355 260 2614 314 districtus

204 339 432 392 tabulam
470 348 724 406 natorum,
765 339 1165 411 copulationum,
1203 350 1548 410 mortuorum3
1602 344 1656 415 d)
1685 342 1853 396 officio
1905 343 2162 398 districtus
2199 347 2428 399 tabulam
2466 346 2612 400 nobi-

203 425 346 494 lium,
385 427 474 499 qui
511 447 647 481 anno
685 427 960 499 praeterito
997 430 1123 498 nati,
1161 430 1366 498 mortui,
1406 431 1632 502 copulati
1670 440 1804 485 sunt.

1309 589 1363 659 ἓ.
1439 591 1525 647 61.

1244 711 1338 766 De
1403 711 1567 769 clero,

342 864 384 916 I.
422 864 776 919 Educatio.
855 866 902 918 1.
961 864 1262 918 Seminam'a
1309 882 1589 934 puerorum
1642 864 1697 915 in
1750 863 1966 935 singulis
2018 865 2333 919 dioecesibus
2384 867 2612 922 existunt

197 950 488 1004 Ordinariis
525 952 755 1022 subjecta
791 953 854 1005 ab
894 952 1060 1023 iisque
1097 957 1407 1018 sustentata3
1447 950 1640 1004 alumni
1678 951 1882 1005 scholas
1919 953 2152 1025 publicas
2190 955 2536 1026 frequentant.

340 1041 388 1092 2.
445 1039 744 1093 Seminaria
797 1041 1096 1093 clericorum
1150 1038 1343 1109 ubique
1405 1037 1651 1106 existunt,
1710 1058 1928 1109 quorum
1966 1040 2159 1092 alumni
2214 1041 2268 1092 in
2305 1042 2417 1113 ipsa
2455 1041 2608 1096 domo

195 1125 352 1178 vitam
391 1145 715 1180 communem
755 1137 958 1199 gerunt.
1033 1128 1181 1182 Haec
1217 1127 1492 1180 seminaria
1527 1127 1614 1194 ita,
1672 1136 1728 1179 ut
1765 1137 1859 1180 art.
1898 1128 1960 1181 V.
1999 1128 2292 1182 concordati
2328 1147 2609 1201 exposcere

194 1211 408 1280 videtur,
447 1213 681 1266 ordinata
718 1234 826 1268 non
861 1225 997 1268 sunt.
1085 1214 1224 1267 Nam
1261 1215 1316 1267 in
1354 1213 1462 1266 sola
1511 1213 1733 1267 dioecesi
1770 1213 2140 1268 Eichstettensi
2178 1235 2294 1268 cum
2332 1212 2608 1271 seminario

193 1301 520 1370 conjunctum
560 1310 638 1356 est
673 1302 883 1374 lyceum
923 1302 1229 1374 episcopale,
1287 1300 1425 1373 quod
1477 1302 1515 1354 4
1552 1320 1728 1354 cursus
1785 1301 2108 1374 theologicos
2162 1305 2186 1355 1
2231 1302 2414 1375 philos.
2453 1303 2608 1357 habet

192 1395 242 1440 et
278 1388 373 1442 soli
431 1389 672 1462 episcopo
710 1389 899 1442 subest.
986 1389 1054 1443 In
1092 1388 1307 1460 reliquis
1359 1388 1673 1442 dioecesibus
1716 1388 1974 1442 candidati
2023 1389 2314 1462 theologiae
2350 1390 2407 1444 in
2442 1389 2605 1464 lyceis

190 1476 348 1545 regiis
405 1485 494 1529 aut
549 1477 603 1529 in
643 1476 1060 1529 universitatibus
1113 1475 1407 1547 theologiae
1454 1485 1506 1530 et
1552 1476 1909 1548 philosophiae
1958 1477 2179 1530 student.
2269 1477 2404 1533 Cum
2440 1477 2605 1550 lyceis

188 1562 495 1633 plerumque
545 1563 861 1616 convictoria
910 1570 1032 1616 sunt
1083 1563 1372 1633 conjuncta,
1434 1562 1488 1615 in
1539 1563 1725 1636 quibus
1763 1583 1887 1616 mox
1928 1583 2118 1631 omneS,
2169 1583 2288 1617 mox
2328 1565 2366 1617 ii
2405 1573 2603 1618 tantum

189 1649 390 1720 degunt
427 1650 721 1721 theologiae
759 1651 1039 1718 studenteS,
1081 1651 1169 1722 qui
1210 1669 1402 1703 annum
1441 1653 1580 1704 2dum
1618 1659 1667 1703 et
1705 1652 1848 1703 3tium
1885 1651 2212 1722 perlustrant.
2310 1651 2462 1706 Circa
2498 1670 2602 1720 eosJ,

188 1737 277 1808 qui
314 1738 366 1790 in
404 1738 690 1791 seminariis
728 1738 1052 1811 recipiuntur
1101 1746 1190 1790 aut
1245 1757 1284 1790 s,
1334 1737 1603 1790 ordinibus
1653 1737 1925 1791 initiantur
1980 1737 2175 1810 aliquot
2219 1740 2327 1809 jam
2359 1739 2604 1808 ‘existunt

187 1834 475 1898 praecepta,
525 1825 829 1898 praesertim
868 1844 1027 1897 quum
1065 1833 1249 1896 agatur
1288 1825 1353 1878 de
1389 1825 1538 1878 titulo
1576 1843 1783 1878 mensae
1820 1826 2013 1896 regiae,
2071 1845 2203 1897 quae
2241 1846 2356 1880 cum
2395 1845 2602 1880 concor-

187 1911 293 1963 dati
331 1920 425 1964 art.
462 1912 591 1965 XII.
619 1914 666 1966 b.
706 1912 996 1966 consentire
1032 1912 1320 1984 negaveris
1395 1913 1539 1966 Vide
1577 1917 1621 1981 ξ.
1661 1913 1746 1966 63.
1891 1974 1898 1984 Ι

328 2000 400 2054 ΙΙ.
476 2001 747 2055 Titulus
801 2001 1293 2061 ordinationis.
1384 2000 1634 2072 Plerique
1687 2001 1860 2054 clerici
1916 1999 2221 2053 ordinantur
2272 2002 2338 2054 ad
2397 2002 2602 2056 titulum

184 2108 386 2142 mensae
420 2092 607 2161 reqiae,
664 2090 862 2161 aliquot
900 2089 967 2141 ad
1006 2089 1211 2142 titulum
1246 2108 1450 2142 mensae
1486 2089 1554 2141 ab
1591 2089 1775 2162 aliqua
1813 2090 2170 2142 communitate
2206 2088 2399 2155 datum,
2450 2089 2600 2162 pauci

184 2178 246 2229 ad
287 2178 491 2231 titulum
541 2178 852 2250 patrimonii,
903 2177 1134 2248 religiosi
1171 2177 1236 2231 ad
1275 2177 1452 2230 titulos
1491 2176 1668 2230 solitos
1705 2176 1856 2247 relig.
1894 2175 2224 2248 professionis
2262 2176 2345 2230 vel
2381 2195 2601 2249 pauper-

183 2265 315 2318 tatis.
392 2265 457 2317 In
505 2265 723 2336 singulis
774 2264 1093 2319 dioecesibus
1131 2273 1253 2319 sunt
1277 2264 1450 2338 fundi
1499 2265 1832 2317 emeritorum.
1910 2261 2214 2317 Sacerdotes
2264 2266 2472 2330 emeriti,
2510 2264 2599 2335 qui

182 2360 446 2407 senectute
495 2354 576 2406 vel
626 2355 807 2407 morbo
847 2353 1068 2426 correpti
1118 2371 1294 2406 curam
1332 2370 1516 2423 gerere
1565 2358 1833 2422 nequeunt
1881 2357 1934 2403 et
1970 2351 2024 2417 ii,
2084 2350 2173 2422 qui
2212 2370 2293 2410 ex,
2315 2351 2598 2405 rationibus

181 2440 596 2513 disciplinaribus
646 2443 710 2494 ab
763 2441 933 2494 officio
984 2440 1206 2513 depositi
1243 2447 1364 2492 sunt
1400 2439 1433 2491 i.
1475 2456 1518 2492 e.
1559 2437 1805 2502 demeriti,
1864 2446 1951 2491 aut
1989 2456 2018 2491 e
2057 2457 2260 2492 summa
2298 2439 2362 2492 ab
2400 2438 2599 2493 aerario

180 2546 276 2598 pro
313 2527 463 2580 titulo
500 2546 708 2582 mensae
744 2528 1009 2580 annuatim
1049 2526 1219 2579 danda
1256 2535 1344 2579 aut
1381 2545 1410 2580 e
1448 2525 1612 2579 fundo
1651 2525 1960 2579 dioecesano
1986 2533 2356 2580 sustentantur.
2431 2524 2598 2579 Tituli

181 2633 391 2668 mensae
446 2617 620 2686 regiae
675 2617 868 2669 fructus
926 2614 1283 2687 expostulatur
1341 2632 1438 2686 pro
1492 2612 1762 2666 sacerdote
1822 2612 1888 2665 ad
1945 2631 2059 2665 eum
2119 2612 2380 2679 ordinate,
2437 2630 2596 2685 quum

179 2703 230 2773 a)
289 2720 487 2775 pauper
537 2704 602 2755 sit
655 2711 706 2757 et
761 2712 1037 2774 antequam
1093 2701 1471 2754 institutionem
1528 2699 1830 2752 canonicam
1888 2699 1943 2751 in
2001 2699 2171 2774 aliquo
2222 2698 2472 2753 beneficio
2526 2699 2595 2752 sit

180 2788 410 2860 adeptuS,
466 2799 679 2862 propter
734 2809 937 2843 causam
997 2790 1267 2862 physicam
1337 2788 1421 2842 vel
1476 2786 1799 2860 spiritualem
1853 2786 2097 2839 inhabilis
2157 2785 2433 2852 reddatur,
2502 2784 2592 2856 qui

179 2876 524 2929 necessarium
562 2877 753 2929 victum
793 2886 1035 2948 quaerat,
1088 2878 1142 2945 b)
1182 2875 1420 2929 sacerdos
1460 2873 1715 2928 sententia
1753 2872 2006 2926 criminali
2044 2872 2291 2926 beneficio
2329 2871 2592 2944 depositus

178 2964 245 3015 sit
282 2968 446 3034 eoque
483 2964 714 3016 titulum‘
741 2965 978 3017 beneficii
1015 2964 1327 3037 perdiderit,
1385 2965 1435 3033 c)
1473 2960 1782 3014 beneficium
1820 2969 1928 3013 tam
1965 2969 2121 3013 tenue
2157 2959 2372 3025 habeat,
2443 2959 2592 3030 cujus

180 3050 372 3102 reditus
410 3050 752 3104 sufficientem
789 3053 856 3104 ad
894 3052 1053 3104 vitam
1091 3051 1512 3105 sustentationem
1551 3067 1660 3101 non
1698 3049 1957 3119 praebeat.
2032 3046 2209 3118 Dupla
2234 3046 2369 3100 tituli
2394 3060 2598 3106 summa

179 3158 466 3191 annuorum
518 3141 624 3192 208
671 3140 722 3192 fl.
772 3139 920 3194 rhen.
957 3141 1206 3212 postulari
1244 3148 1295 3193 et
1333 3138 1444 3191 dari
1495 3138 1626 3191 solet
1678 3136 1731 3189 in
1770 3154 1890 3188 casu
1938 3154 1983 3200 a,
2040 3134 2093 3185 in
2150 3153 2271 3187 casu
2308 3134 2340 3186 b
2389 3147 2592 3187 summa

179 3245 350 3278 annua
389 3226 492 3279 182
530 3227 580 3279 fl.
622 3227 692 3279 30
730 3226 903 3293 rhen.,
943 3247 1143 3280 summa
1183 3229 1287 3280 104
1323 3227 1374 3279 fl.
1426 3225 1481 3277 in
1520 3243 1638 3278 casu
1677 3244 1718 3276 c.
1757 3230 1806 3277 et
1844 3240 2000 3293 quum
2040 3229 2225 3292 agatur
2261 3220 2326 3273 de
2362 3220 2590 3275 subsidio

179 3313 604 3379 extraordinario,
643 3322 821 3385 utpote
857 3333 952 3385 pro
993 3305 1185 3368 balneis
1214 3322 1328 3381 cet.,
1368 3312 1563 3384 triplex
1600 3311 1777 3364 titulus
1815 3328 1911 3382 pro
1951 3307 2300 3361 sacerdotibus
2337 3307 2391 3359 in
2418 3307 2590 3373 dom0‚

180 3419 281 3469 qua
318 3407 488 3452 mente
526 3401 658 3472 capti
699 3400 1011 3466 detinentur,
1054 3401 1165 3452 dari
1204 3400 1346 3461 solet.
1422 3398 1583 3452 Tituli
1619 3413 1830 3451 mensae
1866 3396 2064 3447 fructus
2101 3394 2388 3465 denegatur
2423 3411 2588 3445 sacer·

179 3486 398 3553 dotibus,
452 3487 541 3557 qui
590 3495 678 3539 aut
716 3507 781 3540 ex
820 3487 1125 3540 investitura
1177 3487 1422 3540 canonica
1458 3486 1650 3538 victum
1705 3485 1768 3536 ad
1808 3483 1964 3535 vitam
2004 3481 2340 3535 sufficientem
2379 3478 2586 3544 habent,

179 3580 262 3623 aut
304 3592 463 3643 quum
500 3573 807 3627 beneficium
846 3572 1089 3626 canonice
1125 3572 1561 3638 renunciaverint,
1613 3590 1642 3626 e
1676 3569 1839 3623 fundo
1879 3569 2185 3623 dioecesano
2222 3567 2428 3638 plenam
2464 3584 2586 3637 pen-

179 3657 372 3710 sionem
411 3661 519 3712 400
555 3660 605 3712 fl.
644 3661 730 3713 vel
767 3659 1030 3733 pensionis
1067 3668 1268 3733 partem
1304 3660 1536 3732 recipere
1571 3664 1802 3730 possunt.
2567 3684 2570 3685 ν

322 3744 514 3799 Clerici
569 3747 842 3800 criminum
898 3746 1176 3801 ecclesiast.
1227 3747 1305 3801 rei
1359 3754 1451 3800 aut
1498 3745 1571 3798 in.
1611 3743 1795 3810 „domo
1851 3739 2226 3805 sacerdotum“,
2285 3737 2328 3790 si
2378 3756 2480 3810 qua
2530 3736 2586 3789 in

179 3829 400 3884 dioecesi
438 3833 641 3902 existat,
679 3841 768 3886 aut
804 3834 859 3886 in
897 3834 1071 3905 aliquo
1106 3835 1421 3889 monasterio
1459 3831 1768 3886 detinentur.
1852 3829 1957 3882 Pro
2005 3825 2228 3880 emeritis
2266 3823 2410 3878 nulla
2446 3823 2586 3878 dioe-
