2670 4126
2435 79 2491 120 59

86 218 218 274 nihil
254 215 479 288 comperi
516 216 580 269 ab
619 213 968 270 Ordinariatu.
1043 212 1221 277 Quum
1259 210 1506 265 dioecesis
1545 231 1661 266 cum
1698 212 1809 286 ipsa
1844 219 1982 266 terra
2020 208 2335 264 hereditaria
2373 229 2491 263 con·

11 379 45 410 ἡ
84 311 264 379 gruat,
311 322 376 357 ex
412 303 600 356 tabulis
639 307 683 373 ξ.
726 303 792 356 13
831 320 943 373 sqq.
981 299 1205 372 plurima
1244 298 1462 352 elucent.

0 468 38 485 7,
190 413 287 467 IV.
331 413 524 467 Olerus.
600 433 643 467 a.
682 412 954 465 Institutio.
1032 410 1080 461 1.
1119 407 1377 463 Seminar.
1401 426 1605 478 pueror.
1646 407 1787 478 (coll.
1814 407 2180 479 Aloysianum)
2221 424 2334 458 eum
2361 406 2491 473 Dir.,

83 505 116 557 2
165 502 366 568 Praef.,
424 503 491 555 52
544 499 793 566 alumnis,
851 496 939 569 qui
989 495 1320 567 gymnasium
1370 494 1635 566 publicum
1686 495 2034 566 frequentant.
2135 497 2183 549 2.
2235 494 2492 547 Seminar.

85 589 401 644 Glericorum
439 607 554 641 cum
591 586 730 652 Dir.‚
783 583 991 639 Subdir.
1030 591 1083 637 et
1121 583 1346 649 Oecon.,
1402 582 1569 636 Praef.
1620 582 1814 655 spirit,
1873 584 1941 636 76
1991 582 2144 635 alum.
2198 583 2251 652 (e
2307 581 2492 652 quibus

80 677 118 729 4
154 677 366 748 presb.).
441 676 489 731 3.
528 674 694 726 Instit.
735 672 876 726 theol.
918 671 1078 725 dioec.
1117 690 1233 723 cum
1271 669 1413 737 Dir.,
1455 672 1487 723 6
1524 669 1698 737 Profi,
1755 671 1778 722 1
1819 669 2065 736 Lectore,
2106 671 2137 722 3
2178 668 2492 723 docentibus,

81 763 188 817 Pro
224 761 498 816 seminario
534 760 804 813 solvuntur
840 777 868 812 e
903 758 1064 812 fundo
1100 757 1252 828 relig.
1297 758 1517 823 15.960,
1575 757 1786 829 insuper
1834 777 1930 829 pro
1981 756 2196 828 profess
2248 757 2406 810 3240
2442 755 2492 807 fl.

87 848 481 903 Alumnaticum
521 848 638 900 circ.
683 849 821 901 1200
839 846 888 899 fl.
927 864 1021 918 per
1057 863 1250 898 annum
1287 851 1384 898 est.

224 937 273 989 b.
311 935 415 988 Pro
464 934 804 1007 deficientibus
853 933 1125 987 solvuntur
1173 951 1202 988 e
1249 932 1409 986 fundo
1457 932 1606 1004 relig.
1660 933 1851 986 14.539
1901 932 1980 999 fi.,
2036 950 2130 1003 pro
2180 929 2495 1003 corm’qendis

84 1024 194 1077 100
237 1022 289 1075 fl.

223 1127 264 1161 c.
306 1109 512 1163 Status:
567 1129 606 1163 s.
644 1129 683 1165 s,
723 1109 857 1176 644,
914 1127 955 1161 r.
995 1108 1093 1175 53,
1148 1107 1182 1161 i.
1220 1127 1259 1161 s,
1301 1108 1422 1162 697.
1495 1107 1611 1163 Sao.
1652 1107 1959 1180 capitulares
2002 1109 2096 1172 15,
2157 1105 2320 1159 curati
2373 1106 2492 1171 515,

79 1197 179 1251 alia
216 1197 393 1249 numia
434 1198 682 1252 obeuntes
719 1199 805 1264 26,
845 1195 1135 1269 pensionati
1173 1197 1257 1264 52,
1297 1203 1444 1249 extra
1481 1195 1757 1250 dioecesim
1795 1197 1880 1262 21,
1926 1214 2031 1248 non
2071 1193 2357 1247 dioecesani
2397 1193 2493 1261 133

22 1280 25 1285 ¹
82 1288 220 1341 1862
259 1285 566 1340 neo-ordin.
609 1286 703 1351 12,
753 1283 945 1337 mortui
987 1285 1067 1337 18.
1142 1283 1257 1340 Sac.
1299 1283 1614 1354 octogenarii
1656 1284 1715 1350 7,
1773 1281 2157 1355 septuagenarii
2193 1282 2316 1348 31,
2351 1298 2494 1334 sexa-

79 1373 282 1446 genarii
311 1373 430 1441 127,
471 1372 752 1445 quinquag.
785 1373 902 1439 124,
943 1370 1192 1443 quadrag.
1223 1373 1340 1439 112,
1378 1370 1638 1424 tricenarii
1664 1372 1780 1439 151,
1823 1370 2060 1425 vicenarii
2082 1370 2184 1438 70.,
2216 1368 2424 1439 jubilati
2443 1369 2493 1420 8.

6 1524 9 1525 γ
41 1507 47 1511 ·
223 1482 288 1537 V.
327 1481 627 1556 Reyulares.
702 1481 771 1535 A.
810 1479 1167 1553 Reliqiosi.
1244 1482 1294 1534 1.
1330 1480 1558 1535 Reform.
1599 1482 1631 1535 3
1660 1499 1821 1549 conV.,
1861 1481 1931 1534 43
1958 1500 1997 1533 S.
2021 1482 2052 1534 2
2082 1479 2143 1532 cl.
2170 1499 2222 1552 p.
2250 1479 2317 1531 16
2342 1477 2402 1531 L.
2429 1498 2493 1550 p.‚

79 1570 113 1624 i.
151 1589 191 1624 s.
233 1571 318 1624 61.
1553 1587 1560 1593 ⁸

227 1661 276 1713 2.
321 1657 512 1729 Capua.
552 1658 584 1710 2
626 1673 800 1724 conv.,
839 1657 871 1708 6
909 1673 948 1708 S.
989 1657 1022 1708 6
1055 1654 1117 1708 L.
1156 1674 1206 1727 p.
1255 1655 1288 1707 i.
1327 1674 1367 1708 s.
1410 1656 1493 1710 12.

871 1741 1089 1797 Summa
1124 1742 1536 1814 Religiosorum:
1611 1743 1699 1800 73.

224 1833 288 1887 Β.
326 1831 747 1903 Reliyiosae.
824 1831 870 1883 1.
919 1829 1089 1884 Ursul.
1139 1833 1173 1885 2
1224 1850 1392 1899 mon.,
1444 1831 1516 1885 70
1563 1849 1703 1886 mon.
1756 1848 1854 1884 sor.
1908 1838 2004 1884 cet.
2079 1829 2136 1901 2)
2187 1829 2300 1884 Sor.
2354 1828 2493 1881 char.

88 1919 140 1973 S.
189 1919 330 1973 Vino.
373 1921 394 1973 1
438 1938 577 1973 mon.
616 1921 688 1974 20
725 1937 825 1973 sor.

763 2078 766 2083 ,
876 2005 1090 2063 Summa
1127 2004 1537 2077 Religiosarum:
1615 2007 1700 2060 90.

1133 2092 1503 2165 Regularium:
1582 2095 1701 2149 163.

227 2202 328 2256 VI.
368 2202 519 2259 Un-us
556 2202 793 2256 sacerdos
833 2210 911 2257 est
947 2201 1013 2255 ad
1052 2201 1347 2258 Catholicos
1682 2204 1803 2259 737.
1883 2207 1885 2210 ’

429 2331 455 2358 ,,
661 2330 688 2357 ,,
828 2297 1033 2344 curatus
1071 2299 1150 2344 est
1186 2292 1254 2346 ad
1292 2291 1586 2347 Catholicos
1679 2293 1801 2346 997.

428 2416 455 2443 ,,
552 2376 801 2448 regularis
1099 2419 1125 2446 „
1209 2407 1259 2448 „-
1417 2421 1442 2447 „
1633 2380 1805 2434 3.150.

231 2484 674 2557 VIL'Beneficia.
737 2487 797 2539 -1.
842 2486 968 2559 Cap.
1005 2486 1145 2542 Eccl.
1188 2487 1333 2542 (jath.
1373 2488 1427 2545 S.
1464 2487 1672 2544 Nicolai
1707 2487 1806 2561 Ep.
1846 2488 1906 2545 C.
1960 2508 2076 2542 cum
2115 2487 2301 2560 Praep.
2355 2486 2496 2558 (coll.

85 2572 280 2646 Papal.,
318 2573 516 2626 fundat.
556 2574 768 2647 caesar.)
810 2574 1031 2642 mitrata,
1069 2574 1197 2629 Dec.
1235 2575 1371 2629 mitr.
1414 2576 1583 2648 (fund.
1620 2584 1672 2630 et
1707 2584 1840 2648 patr.
1880 2577 2048 2648 caes),
2098 2578 2165 2629 10
2204 2575 2331 2630 Can.
2372 2575 2495 2645 (duo

84 2668 204 2714 sunt
239 2680 337 2733 pro
375 2668 531 2733 temp.
570 2661 701 2714 uniti
737 2669 950 2734 propter
985 2661 1208 2716 reditum
1248 2663 1549 2736 exiguum),
1610 2682 1832 2734 quorum
1870 2666 1905 2717 4
1943 2664 2140 2716 fundat.
2195 2671 2247 2716 et
2295 2671 2495 2735 patron.

84 2766 240 2814 caes,
299 2747 487 2819 reliqui
524 2748 723 2802 fundat.
763 2757 813 2802 et
848 2756 1048 2821 patron.
1086 2749 1275 2822 privati
1324 2759 1459 2803 sunt.
1534 2750 1898 2805 Praebendae:
1955 2751 2232 2822 dignitates
2285 2759 2338 2805 et
2387 2769 2495 2802 can.

83 2834 393 2889 fundationis
432 2854 699 2891 caesareae
736 2836 931 2890 habent
966 2855 1187 2890 massam
1225 2857 1551 2893 communem
1590 2845 1912 2892 constantem
1949 2839 2003 2891 in
2049 2839 2197 2892 bonis
2247 2837 2497 2890 immobili

85 2929 136 2975 et
173 2921 380 2976 decimis
417 2923 690 2991 redemtis,
739 2957 810 2965 --
859 2925 1004 2995 cujus
1043 2924 1238 2979 reditus
1275 2926 1451 2998 aequis
1490 2926 1724 2998 partibus
1762 2926 1897 2979 inter
1938 2926 2054 2980 illos
2107 2928 2140 2979 6
2191 2924 2496 2978 dividendus

87 3016 190 3075 est3
242 3009 506 3081 dignitarii
543 3020 811 3083 praeterea
848 3011 1069 3067 reditum
1118 3031 1183 3067 ex
1234 3013 1456 3087 propriis
1506 3012 1897 3067 fundationibus
1947 3013 2142 3066 habent
2192 3046 2259 3053 -
2309 3011 2495 3082 reliqui

86 3095 280 3149 habent
342 3115 485 3150 suam
548 3099 765 3171 quisque
826 3118 1048 3153 massam
1109 3108 1395 3172 separatam
1457 3099 1734 3155 secundum
1800 3101 2173 3154 fundationem.
2279 3097 2496 3152 Reditus

84 3182 237 3255 plane
272 3183 475 3255 ignore.

228 3273 277 3324 2.
322 3270 489 3342 Capit.
527 3271 638 3325 coll.
677 3280 910 3326 curatum
948 3273 1003 3331 S.
1039 3272 1209 3329 Nicol.
1229 3273 1511 3345 ⁴Neostadii
1549 3294 1665 3329 cum
1691 3273 1879 3347 Praep.
1916 3274 2122 3327 mitrato
2160 3280 2213 3326 et
2248 3271 2495 3344 paroeh0‚

85 3357 120 3410 4
157 3355 285 3410 Can.
325 3361 515 3423 curat,
574 3359 598 3410 1
640 3357 736 3413 vie.
778 3360 930 3433 capit.
968 3368 1020 3414 et
1055 3381 1167 3435 par.
1207 3361 1408 3434 (omnes
1445 3369 1647 3434 patron.
1688 3363 1853 3433 caes).

228 3444 276 3496 3.
327 3443 486 3498 Alia.-
564 3446 665 3498 193
714 3465 851 3517 pan,
910 3450 975 3502 81
1019 3449 1200 3520 capell.
1239 3448 1420 3517 local.,
1477 3450 1510 3502 3
1562 3449 1865 3521 vicariatuS,
1928 3449 1988 3501 11
2048 3447 2227 3519 capell.
2278 3453 2494 3512 vetereS,

85 3532 156 3583 20
192 3531 422 3603 exposit,
461 3533 568 3585 230
606 3542 880 3604 coeperat„
920 3537 952 3588 6
989 3536 1475 3603 manemissariatuS‚
1513 3538 1583 3591 42
1623 3536 1722 3589 alia
1760 3534 2027 3600 beneficia,
2066 3535 2096 3586 i.
2137 3553 2176 3586 s,
2218 3535 2338 3599 586,
2379 3551 2495 3586 cum

88 3617 155 3668 16
190 3618 365 3687 praeb.
416 3619 566 3690 capit.
606 3620 726 3673 602.
800 3620 1138 3675 Dotationem
1186 3630 1347 3676 totam
1402 3624 1434 3676 7
1471 3643 1580 3695 par.
1633 3631 1685 3676 et
1734 3622 1917 3688 vicar.,
1977 3622 2012 3674 8
2062 3620 2243 3691 capell.
2296 3618 2391 3674 loc.
2445 3629 2497 3673 et

87 3703 263 3769 curati,
302 3706 369 3758 32
409 3723 554 3778 eoop.
593 3706 647 3758 in
685 3725 881 3759 summa
921 3710 1111 3764 12.652
1127 3709 1195 3777 fl.,
1233 3718 1469 3782 exparte
1493 3713 1555 3764 91
1600 3729 1709 3784 par.
1750 3716 1803 3762 et
1839 3709 1965 3774 vic.,
2007 3708 2075 3761 78
2104 3706 2283 3778 capell.
2310 3707 2406 3761 loe.
2445 3719 2496 3766 et

88 3789 277 3857 curati,
317 3791 386 3844 58
423 3810 568 3864 coep.
606 3792 664 3845 in
701 3811 897 3847 summa
934 3796 1123 3850 38.901
1167 3797 1218 3850 fl.
1258 3816 1287 3851 e
1325 3797 1486 3852 fundo
1525 3798 1674 3869 relig.
1713 3795 2021 3869 percipiunt.
