2670 4126
171 158 254 201 140

166 291 271 342 209
323 290 442 346 disc.
496 292 598 344 179
648 291 806 346 acath.
859 291 929 344 30
983 291 1168 365 cath.);
1231 314 1412 367 gymn.
1463 298 1603 351 reale
1666 297 1914 351 'WiesbacL
1968 300 2025 371 (7
2062 318 2197 373 mag.
2248 303 2438 371 acath.,
2497 305 2568 358 88

167 376 289 428 disc.
341 378 402 430 71
460 379 624 430 acath.
679 380 744 430 17
785 378 957 450 cath).
1031 383 1079 433 2.
1130 382 1498 456 Paedayoyia:
1555 387 1578 438 1
1637 386 1768 437 cath.
1808 385 2116 440 Montabaur
2170 391 2226 460 (5
2275 411 2442 463 mag,
2499 393 2570 444 64

166 462 317 529 disc,
358 465 531 534 cath),
575 467 596 516 1
645 466 804 517 acath.
845 465 1100 538 Usingen.
1142 471 1197 540 (5
1219 489 1372 541 mag,
1413 472 1480 529 75
1521 472 1660 538 disc,
1700 472 1880 539 acath.,
1924 475 1947 524 1
1991 473 2211 528 mixtum
2248 472 2568 550 Dillenbuiy.
2639 537 2642 539 ,

167 551 222 620 (7
259 569 396 621 mag.
437 552 598 603 acath.
643 554 666 604 1
713 553 862 619 cath„
901 556 970 607 82
1011 555 1133 608 disc.
1175 556 1243 609 76
1282 559 1444 610 acath.
1486 561 1518 611 6
1558 559 1728 630 cath).
1818 560 1865 611 3.
1902 559 2066 613 Instit.
2104 561 2558 619 surdo-mutormn

171 638 433 710 (lambery.
491 639 705 691 mixtum
766 643 821 710 (2
884 660 1018 712 mag.
1075 643 1242 695 acath.
1291 647 1324 697 2
1381 645 1531 710 cath„
1589 648 1660 698 54
1709 645 1829 701 disc.
1879 649 1947 699 29
2004 647 2168 700 acath.
2219 650 2288 702 25
2328 651 2468 715 cath.
2500 683 2567 691 —-

164 727 213 780 4.
251 725 436 778 Schola
473 728 658 778 civium
695 747 861 798 super.
902 729 1170 782 Wiesbad.
1226 731 1372 785 mixt.
1412 733 1502 801 (12
1554 733 1720 785 acath.
1782 734 1814 786 3
1865 734 1996 786 cath.
2053 752 2220 806 mag,
2284 736 2391 789 364
2447 735 2570 791 disc.

165 814 271 864 296
305 813 466 864 acath.
502 815 571 866 68
608 814 794 886 cath.);
832 816 1003 870 schola
1023 817 1191 888 filiar.
1223 838 1389 888 super.
1425 818 1689 873 Wiesbad.
1718 820 1881 873 mixta
1914 821 1969 892 (9
1987 841 2120 891 mag.
2160 822 2375 878 acath.1
2418 823 2569 891 cath„

168 901 269 951 189
297 899 419 952 dise.
448 901 612 953 acath.
638 902 706 954 47
736 903 908 974 cath.).
934 918 996 943 —‘
1021 906 1067 956 5.
1095 904 1308 958 Scholae
1332 906 1495 960 reales
1521 909 1552 959 5
1580 908 1710 960 cath.
1740 908 1832 978 (15
1860 928 1995 978 mag.
2023 910 2127 962 253
2152 909 2313 982 disc),
2345 911 2380 963 8
2407 909 2572 962 acath.

167 988 249 1057 (21
295 1006 429 1057 mag.
470 988 575 1041 386
615 989 761 1059 disc)
785 1022 851 1030 —
874 993 920 1043 6.
962 992 1175 1044 Scholae
1200 993 1418 1046 clement.
1446 995 1576 1047 cath.
1606 997 1710 1047 506
1740 1014 1854 1047 cum
1883 996 2093 1050 totidem
2121 996 2383 1067 magistris
2423 996 2572 1064 cath.,

165 1075 331 1127 acath.
359 1076 463 1128 642
492 1095 609 1128 cum
637 1077 852 1129 totidem
879 1097 1017 1147 mag.
1046 1078 1224 1145 acath„
1253 1083 1395 1132 tur-ni
1423 1081 1454 1133 7
1487 1081 1563 1151 (in
1593 1083 1778 1152 quibus
1804 1100 1901 1153 per
1938 1091 2148 1136 turnum
2180 1103 2313 1155 mag.
2355 1085 2486 1136 cath.
2524 1092 2575 1137 et

164 1164 398 1233 evangel.
424 1163 742 1235 instituitur).
782 1165 921 1217 Disc,
948 1166 1075 1219 cath.
1101 1167 1246 1237 pueri
1278 1167 1488 1234 17.733,
1516 1169 1674 1240 puell.
1707 1170 1913 1235 17.181,
1941 1169 1972 1224 i.
2000 1190 2038 1223 5.
2066 1171 2273 1224 34914.
2300 1175 2371 1211 --’
2398 1192 2573 1244 cvany.

164 1270 309 1324 puer.
365 1252 572 1318 18953,
611 1252 769 1323 puell.
812 1254 1021 1318 18.936‚
1078 1253 1109 1305 i.
1149 1274 1186 1305 s.
1227 1254 1421 1308 37.889
1459 1288 1528 1295 —
1552 1256 1671 1327 jud.
1723 1275 1864 1328 puer.
1917 1258 2038 1325 590,
2094 1256 2250 1329 puell,
2289 1261 2410 1327 929,
2466 1260 2498 1314 i.
2536 1280 2574 1313 S.

167 1340 322 1408 1519
362 1371 426 1378 —
467 1341 701 1393 menonit.
754 1358 897 1411 puer.
950 1341 999 1406 3,
1048 1340 1205 1413 puell.
1260 1343 1284 1394 1
1330 1374 1400 1381 —
1435 1345 1774 1415 9erm.·eath.
1814 1345 1896 1417 (l)
1953 1364 2097 1416 puer.
2154 1347 2235 1413 19,
2292 1346 2450 1418 puell.
2489 1350 2574 1416 22,

163 1433 197 1485 i.
256 1447 294 1479 S.
350 1428 414 1479 41
477 1460 547 1466 —
597 1427 926 1480 vetem-luth.
981 1447 1126 1499 puer.
1185 1429 1254 1482 23
1310 1430 1470 1501 puell.
1527 1433 1612 1498 26,
1670 1432 1701 1484 i.
1758 1452 1796 1484 5.
1834 1433 1920 1486 49.
1998 1430 2212 1486 Summa
2267 1433 2575 1487 scholarium

167 1514 403 1568 clement.
444 1515 653 1569 74.113.
695 1549 761 1555 —
799 1514 883 1568 Ex
921 1516 1001 1569 his
1039 1517 1289 1588 sequitur,
1345 1526 1404 1571 ut
1440 1526 1667 1589 systema
1705 1518 1998 1573 scholarum
2038 1519 2482 1575 confession-alium
2518 1521 2571 1574 in

163 1609 361 1655 tantum
417 1602 605 1670 valeat,
662 1612 914 1674 quantum
969 1624 1033 1659 ex
1088 1605 1321 1659 locorum
1377 1605 1771 1659 circumstantiis
1820 1625 2029 1660 necesse
2077 1614 2165 1660 est.
2252 1605 2492 1661 Edictum
2531 1627 2576 1662 a.

170 1691 308 1743 1815
366 1689 509 1762 Sept.
568 1693 652 1744 11.
711 1693 917 1760 statuit,
973 1701 1031 1746 ut
1085 1692 1222 1764 apud
1280 1692 1594 1764 gubernium
1644 1695 1666 1746 1
1716 1694 2074 1762 „consiliarius
2111 1694 2274 1747 eccles.
2313 1706 2361 1748 et
2392 1695 2575 1750 scholf‘

166 1778 298 1830 cath.
351 1788 402 1833 et
445 1783 467 1833 1
511 1781 746 1852 evangel.
785 1781 936 1847 adsit,
991 1783 1014 1833 1
1060 1800 1239 1851 gymn.
1289 1775 1568 1853 praecipu'e
1624 1781 1756 1834 cath.
1798 1783 1823 1834 1
1880 1781 2115 1852 evangel.
2169 1783 2192 1834 1
2238 1799 2405 1854 aeque
2443 1782 2576 1837 cath.

171 1874 225 1919 et
281 1886 464 1940 evang.
520 1869 800 1940 magistros
856 1869 1069 1934 habeat,
1128 1885 1199 1908 ——⁴-
1253 1867 1531 1939 Eaepcnsae
1574 1888 1679 1939 pro
1733 1869 1913 1923 scholis
1966 1869 2311 1940 superioribus
2364 1869 2495 1922 fiunt
2549 1888 2578 1923 e

176 1955 374 2027 „fundo
412 1956 620 2010 studior.
662 1957 908 2010 centrali“
951 1957 1193 2027 (formato
1232 1955 1399 2008 edicto
1437 1956 1522 2009 24.
1562 1955 1717 2010 Mart.
1748 1956 1888 2008 1817
1928 1974 1955 2009 e
1992 1955 2377 2008 fundationibus
2415 1956 2577 2010 schol.

170 2041 222 2093 in
275 2042 487 2096 diversis
540 2044 754 2096 ducatus
793 2045 1026 2115 partibus
1065 2042 1443 2110 existentibus),
1503 2042 1646 2112 cujus
1686 2042 1917 2095 defectus
1955 2043 2019 2095 ab
2058 2042 2256 2095 aerario
2295 2043 2578 2115 suppletur.

169 2129 296 2182 Red.
356 2131 502 2183 fundi
541 2151 583 2184 a.
627 2133 758 2185 1861
818 2140 929 2184 erat
973 2132 1203 2185 124000
1237 2130 1290 2182 fl.
1349 2128 1571 2199 (incluso
1611 2129 1841 2182 didactro
1895 2131 2030 2200 cet.),
2090 2129 2340 2201 supplem.
2393 2130 2578 2182 aerarii

174 2217 369 2271 64000
405 2218 455 2271 fl.
542 2218 816 2290 Empensas
864 2219 1078 2273 scholar.
1118 2219 1403 2270 clementar.
1452 2224 1661 2288 portant
1699 2217 2087 2270 communitates
2143 2215 2335 2283 civileS,
2393 2217 2578 2287 quibus

170 2303 397 2356 edictum
453 2307 537 2360 24.
589 2305 744 2359 Mart.
806 2306 943 2360 1817
1000 2293 1178 2359 omnes
1235 2304 1424 2358 fundos
1480 2312 1531 2357 et
1585 2304 1910 2357 fundationes
1960 2303 2117 2357 schol.
2169 2303 2488 2375 parochiales
2527 2312 2580 2357 et

166 2391 354 2444 locales
393 2393 692 2462 assignavit.
766 2394 918 2461 Quae
955 2389 1364 2458 communitates,
1402 2391 1447 2443 si
1485 2392 1517 2444 3
1558 2390 1742 2463 simpla
1778 2390 1956 2443 tributi
1984 2389 2320 2443 communalis
2348 2390 2578 2461 exigant,

170 2479 456 2531 necessaria
494 2480 619 2534 dare
656 2488 937 2550 nequeunt,
990 2499 1055 2533 ex
1094 2480 1289 2533 aerario
1339 2478 1754 2550 supplementum
1805 2477 2073 2550 recipiunt.
2147 2476 2383 2530 Didactri
2419 2477 2579 2529 maxi-

175 2585 314 2618 mum
367 2585 432 2619 ex
479 2566 602 2637 lege
653 2575 772 2619 sunt
821 2569 854 2620 2
906 2567 1103 2632 fioreni,
1162 2566 1299 2638 quod
1352 2565 1571 2618 vertitur
1619 2565 1672 2616 in
1709 2564 2024 2636 acquirenda
2060 2564 2342 2617 necessaria
2378 2563 2579 2617 minora

174 2653 396 2719 scholae,
453 2653 819 2706 bibliothecam
875 2662 927 2706 et
982 2661 1256 2725 apparatus
1313 2651 1639 2705 instructioni
1696 2651 2044 2706 inservientes,
2136 2650 2382 2722 Maqistri
2415 2669 2447 2706 a
2481 2669 2577 2722 gu-

172 2739 352 2793 bernio
390 2740 749 2808 nominantur3
805 2740 941 2795 idem
980 2741 1224 2794 salarium
1264 2739 1486 2793 destinat
1522 2739 1657 2791 intra
1693 2738 1962 2791 minimum
2001 2745 2053 2791 et
2088 2737 2370 2790 maximum
2405 2735 2577 2808 legale

175 2828 485 2898 (175--250
521 2827 572 2880 fl.
611 2847 705 2900 pro
743 2829 946 2881 vicariis
986 2837 1033 2881 et
1093 2834 1366 2900 cooperat„
1418 2827 1719 2892 250—500,
1776 2825 1933 2877 immo
1990 2842 2151 2895 usque
2198 2823 2264 2875 ad
2316 2823 2424 2876 800
2477 2840 2574 2895 pro

174 2914 472 2985 magistris).
507 2946 580 2954 -—

323 3000 640 3054 Ordinarius
687 3001 739 3052 in
779 3001 982 3054 scholas
1033 3001 1230 3054 nullam
1269 3009 1473 3055 exercet
1509 2999 1628 3065 vim,
1680 2998 1779 3050 nisi
1830 2996 2000 3068 quoad
2035 2997 2414 3050 instructionem
2461 2994 2577 3049 reli-

173 3090 399 3160 9iosam3
455 3086 747 3140 catechetae
805 3106 919 3139 cum
973 3088 1082 3157 ejus
1133 3106 1383 3142 consensu
1432 3086 1788 3151 instituuntur,
1845 3084 1956 3137 sine
2002 3083 2251 3137 beneficio
2299 3082 2575 3138 ecclesiast.

174 3190 298 3228 vero
336 3174 510 3227 vivere
549 3193 655 3228 non
691 3182 915 3245 possent.
1006 3174 1229 3228 Par-ochi
1265 3193 1332 3228 ex
1367 3176 1486 3244 lege
1522 3171 1719 3226 consilii
1757 3169 1935 3224 localis
1973 3169 2130 3223 schol.
2169 3170 2399 3223 membra
2435 3173 2570 3240 resp.

174 3262 438 3334 praesides
488 3269 608 3314 sunt
661 3280 758 3333 pro
808 3261 987 3314 scholis
1035 3261 1449 3328 elementaribus3
1507 3277 1574 3312 ex
1610 3258 1671 3310 iis
1720 3257 2027 3328 gubernium
2065 3256 2376 3328 Inspectores
2413 3253 2571 3307 schol.

175 3349 498 3419 singulorum
538 3348 859 3401 districtuum
897 3348 1142 3400 nominat.

318 3435 382 3490 B.
440 3435 776 3507 Francofurti
836 3442 913 3487 est
971 3434 997 3487 1
1058 3453 1332 3505 progymn.
1388 3432 1522 3485 cath.
1532 3472 1550 3498 ,
1613 3431 1638 3484 1
1691 3431 1868 3485 schola
1914 3430 2046 3483 cath.
2079 3428 2272 3495 realis,
2332 3427 2357 3480 1
2398 3425 2574 3479 schola

178 3523 324 3577 elem.
361 3539 563 3593 pueror.
609 3522 634 3575 1
676 3521 830 3593 puell.
869 3520 1032 3586 cath.,
1095 3521 1119 3573 1
1163 3521 1337 3573 schola
1390 3517 1544 3592 puell.
1599 3534 1796 3590 super.,
1853 3517 1907 3585 in
1962 3535 2159 3570 summa
2214 3515 2286 3569 27
2338 3511 2573 3583 magistri

180 3611 210 3660 5
250 3628 333 3660 ma
373 3609 542 3661 istrae.
583 3640 652 3646 ——

319 3627 387 3747 Ign
442 3693 662 3747 Nassov.
720 3714 749 3745 a
809 3695 842 3745 6
899 3693 965 3746 ad
1023 3693 1090 3747 14
1146 3662 1324 3744 aetatis
1380 3709 1570 3744 annum
1626 3689 1774 3743 liberi
1821 3689 2088 3760 utriusque
2137 3705 2289 3740 sexus
2339 3685 2571 3738 scholam

181 3779 547 3835 elementarem
586 3781 915 3852 frequentent
953 3798 1018 3833 ex
1055 3780 1172 3850 lege
1204 3777 1340 3831 civili
1375 3784 1593 3849 oportet,
1631 3775 1956 3830 Francofurti
1980 3771 2272 3845 hujusmodi
2297 3771 2568 3826 necessitas

181 3884 286 3920 non
321 3874 412 3919 est.
