2670 4126
0 384 26 408 h

2427 108 2482 150 73

74 249 341 322 bergensis
379 247 644 321 (Hosiani)
696 267 725 300 a
776 245 1066 301 consiliario
1118 244 1370 299 catholico
1419 250 1720 297 tractantur.
1795 238 2174 297 Universitates
2212 238 2382 293 Bonn.
2433 247 2484 294 et

83 338 356 393 Vratislav.
396 336 460 391 de
489 337 609 408 jure
636 355 798 408 pares
833 334 1090 388 habentur
1140 332 1192 406 [i.
1231 351 1271 386 6,
1319 340 1425 384 tarn
1464 331 1596 383 cath.
1638 349 1794 402 quam
1833 347 2015 399 evang.
2054 327 2238 380 docere
2277 334 2329 379 et
2364 347 2483 398 pro-

72 427 290 481 fessores
325 424 525 478 institui
561 422 830 496 possunt],
885 420 1148 485 Hancne,
1205 419 1515 491 Reyiomont.
1528 459 1546 485 ,
1603 416 1986 490 Gryphiswald.
2026 415 2347 487 evanyelicae
2395 416 2483 467 ha-

72 514 284 581 bentur3
340 512 404 565 de
441 511 788 566 Berolinensis
835 509 1197 576 „charactere“
1254 514 1491 560 cer-tatur.
1568 505 1705 558 Vide
1757 505 1820 558 de
1870 505 1967 556 hac
2016 523 2073 557 re
2122 503 2310 556 libros:
2387 502 2486 556 Be-

72 601 342 674 leuchtuny
379 599 471 654 der
505 599 714 653 Paritc'it
751 597 804 649 in
842 596 1104 649 Preussen
1142 595 1235 648 auf
1274 594 1393 648 dem
1432 593 1655 649 Grebiete
1704 592 1793 644 des
1845 591 2019 644 hohen
2069 591 2175 644 und
2224 590 2485 644 mitt-leren

70 688 417 745 UnterrichtS.
491 685 752 756 Freiburg
789 684 820 737 i.
859 683 920 737 Β.
963 684 1147 749 1862.,
1206 681 1543 752 Denkschrifi
1581 681 1709 734 iiber
1748 678 1831 733 die
1869 678 2070 731 Parit'at
2120 698 2187 732 an
2224 678 2316 732 der
2353 677 2485 733 Uni-

70 776 283 832 versit'at
317 775 372 828 in
408 774 578 828 Bonn.
651 771 824 826 Freib.
861 771 895 825 i.
934 770 998 823 B.
1040 771 1196 824 1862.

216 908 263 961 9.
313 905 394 960 De
428 904 609 959 scholis
643 901 984 957 sustentandis
1020 901 1165 973 leges
1202 900 1586 975 provinciarum
1635 899 1773 952 inter
1821 917 1876 952 se
1914 897 2177 956 differunt.
2251 897 2317 950 In
2366 914 2485 968 pro-

69 994 237 1068 yincia
272 991 445 1047 Rheni
497 990 683 1064 (dioec.
723 989 932 1058 Colon.,
985 989 1183 1043 Trevir.
1236 998 1288 1042 et
1335 1007 1457 1063 pars
1494 987 1769 1060 Monast.),
1822 994 1874 1040 et
1923 985 2223 1052 Borussiae,
2277 1003 2409 1057 quae
2457 1001 2487 1037 e

68 1080 449 1135 fundationibus
513 1078 755 1133 sustineri
816 1085 1085 1150 nequeunt
1145 1078 1407 1149 impensae
1466 1096 1496 1128 a
1559 1073 2009 1130 communitatibus
2072 1074 2309 1128 civilibus
2367 1081 2487 1139 sunt

10 1147 14 1160 ⁵
66 1167 346 1235 faciendae,
406 1167 460 1220 in
511 1167 761 1221 Borussia
821 1164 1103 1226 secundum
1152 1163 1529 1218 ordinationem
1592 1162 1750 1216 schol.
1803 1182 1845 1215 a.
1900 1163 2055 1216 1847.
2145 1149 2292 1214 Anni
2344 1162 2486 1214 1848

67 1263 279 1309 eventus
316 1254 711 1327 impediverunt,
752 1253 1024 1326 quominus
1062 1253 1191 1306 illud
1229 1252 1543 1325 principium
1581 1251 1632 1303 in
1670 1250 1890 1322 singulis
1927 1250 2313 1322 provinciarum
2352 1247 2488 1302 ordi-

65 1342 358 1396 nationibus
424 1342 662 1396 scholast.
709 1348 1032 1395 statueretur.
1136 1340 1244 1396 Ubi
1313 1340 1706 1393 communitates
1776 1357 1955 1393 omnes
2025 1356 2280 1410 expensas
2347 1338 2485 1390 ferre

65 1439 358 1502 nequeunt,
414 1430 667 1484 aerarium
705 1429 989 1482 subsidium
1027 1429 1256 1502 praebet.
1332 1428 1483 1493 Quae
1520 1427 1686 1481 titulis
1737 1427 2044 1500 specialibus
2095 1427 2334 1479 nituntur
2381 1424 2486 1496 pri-

66 1525 302 1572 vatorum
342 1517 682 1589 obligationes
718 1517 837 1589 lege
874 1536 978 1570 non
1016 1517 1248 1571 sublatae
1285 1524 1418 1570 sunt.
1493 1516 1559 1569 In
1596 1516 1812 1587 reliquis
1850 1515 2133 1589 provinciis
2173 1514 2370 1567 obtinet
2399 1514 2485 1583 jus

66 1605 387 1661 borussieum
439 1604 609 1678 (Aug.
660 1604 852 1661 Landr.
903 1605 1001 1659 Th.
1052 1605 1122 1659 n.
1174 1604 1275 1659 Tit.
1326 1605 1453 1673 XII,
1508 1589 1812 1677 piaesertim
1860 1608 1939 1673 gg,
1991 1605 2060 1657 29
2112 1602 2280 1674 sqq.)‚
2347 1600 2486 1673 quod

66 1693 272 1762 statuit,
323 1701 381 1746 ut
417 1701 768 1747 sustententur
810 1712 884 1748 ex
935 1693 1158 1747 collectis
1209 1713 1238 1745 a
1285 1692 1672 1766 possessoribus
1721 1691 2053 1765 praediorum
2102 1689 2377 1757 faciendiS,
2436 1696 2487 1742 et

65 1779 357 1835 mercedem
405 1781 659 1855 postulari
722 1788 873 1835 vetat.
972 1781 1076 1834 Ast
1134 1800 1331 1836 merces
1392 1781 1747 1854 praeceptoris
1809 1779 1923 1835 fere
1984 1778 2179 1851 ubique
2243 1777 2484 1849 exigitur.

6 1919 8 1921 ,
66 1868 365 1923 Permultae
403 1869 807 1937 communitateS,
845 1872 1151 1942 praesertim
1188 1890 1383 1942 magna
1421 1870 1645 1943 oppida,
1696 1868 1986 1923 voluntarie
2023 1868 2089 1920 ad
2126 1864 2485 1921 sustentandas

68 1955 271 2009 scholas
331 1975 386 2010 se
449 1957 835 2028 obligaverunt,
897 1956 969 2010 ita
1017 1977 1172 2025 vero,
1229 1967 1288 2011 ut
1336 1957 1647 2030 regulariter
1697 1965 1900 2010 tantum
1951 1955 2150 2010 scholas
2203 1955 2312 2025 ejus
2365 1972 2486 2006 con-

65 2042 303 2096 fessionis
353 2043 669 2112 sustineant,
739 2063 870 2117 quae
918 2045 1166 2115 majorem
1215 2046 1396 2119 populi
1443 2052 1647 2120 partem
1698 2053 1961 2113 numerat,
2031 2043 2199 2097 minor
2246 2061 2367 2114 pars
2418 2039 2485 2093 ad

65 2130 277 2184 alterius
326 2132 487 2205 partis
539 2132 739 2186 scholas
791 2133 1105 2200 contribuat,
1154 2134 1388 2206 proprias
1438 2152 1565 2188 vero
1614 2133 1721 2188 suis
1771 2133 2019 2206 impensis
2067 2137 2319 2185 sustentet
2367 2129 2398 2182 i.
2439 2148 2484 2184 e.

66 2217 284 2292 duplum
321 2220 502 2273 solvat.
576 2219 719 2286 Lex,
761 2239 893 2291 quae
931 2230 1107 2274 contra
1145 2221 1301 2275 talem
1336 2221 1664 2294 iniquitatem
1702 2221 1988 2275 remedium
2025 2219 2286 2293 praebeat,
2326 2217 2484 2271 deest.

210 2349 433 2406 Scholae
469 2350 693 2420 majores
731 2369 759 2404 e
795 2351 964 2405 reditu
1001 2352 1267 2416 bonorum
1311 2353 1642 2426 propriorum
1681 2361 1732 2406 et
1781 2352 2010 2406 subsidio
2048 2349 2364 2423 reipublicae
2401 2348 2485 2402 vel

67 2436 445 2514 communitatis
482 2445 846 2493 sustentantur.
923 2440 1028 2508 Qui
1066 2440 1266 2494 scholas
1303 2442 1539 2509 sustinet,
1588 2441 1899 2514 plerumque
1930 2441 2016 2512 jus
2055 2438 2286 2511 eligendi
2327 2445 2483 2509 atque

63 2523 369 2578 instituendi
404 2525 679 2597 magistros
716 2526 884 2580 habet.

209 2654 360 2721 Quae
410 2655 679 2728 hucusque
729 2657 963 2729 exposita
1011 2666 1144 2726 sunt,
1202 2666 1393 2711 statum
1443 2658 1520 2711 rei
1570 2659 1909 2712 scholasticae
1958 2658 2213 2711 actualem
2252 2659 2485 2731 apprime

63 2741 375 2797 describunt.
449 2743 552 2797 Hic
589 2762 710 2798 vero
748 2744 916 2797 minus
940 2745 1147 2816 legibus
1175 2765 1331 2818 quam
1358 2746 1768 2801 ordinationibus
1798 2755 1848 2800 et
1874 2746 2136 2819 principiis
2164 2746 2483 2800 administra-

62 2829 215 2884 tionis
252 2830 451 2884 nititur.
540 2831 868 2887 Generaliter
919 2833 1019 2886 dici
1056 2852 1161 2887 non
1197 2842 1392 2906 potest,
1443 2834 1497 2887 in
1547 2834 1814 2887 tractanda
1868 2853 1928 2888 re
1967 2834 2271 2888 scholastica
2309 2834 2482 2886 catho-

62 2917 276 2971 licorum
316 2928 368 2972 et
410 2920 826 2991 evangelicorum
866 2920 1254 2976 difformitatem
1291 2941 1414 2976 esse.
1489 2920 1633 2974 Num
1670 2922 1756 2976 le'x
1796 2922 1862 2976 de
1899 2922 1996 2975 hac
2017 2941 2076 2977 re
2102 2921 2484 2994 promulganda

64 3004 272 3058 easdem
309 3015 556 3078 sequatur
593 3008 833 3076 rationeS,
877 3002 1155 3080 quaeritur.
1231 3009 1381 3063 Duae
1417 3009 1554 3062 inter
1589 3029 1644 3063 se
1683 3010 1970 3082 confligunt
2009 3010 2275 3083 opiniones
2315 3009 2483 3062 diver-

63 3091 306 3146 sissimae.
400 3093 510 3146 Alii
548 3094 837 3163 intendunt,
895 3105 954 3149 ut
1004 3104 1183 3151 exacta
1233 3105 1520 3168 mutuaque
1577 3097 1859 3169 aequalitas
1915 3098 2048 3151 adsit
2101 3107 2153 3152 et
2212 3097 2483 3167 utriusque

64 3179 311 3233 ecclesiae
368 3180 444 3232 vis
485 3180 537 3232 in
576 3182 806 3235 scholam
860 3182 980 3256 lege
1035 3184 1150 3257 ipsa
1207 3183 1565 3253 confirmetur3
1623 3185 1711 3238 alii
1764 3186 1922 3239 talem
1978 3188 2083 3240 vim
2142 3184 2482 3238 necessariam

64 3265 275 3338 quidem
313 3285 426 3321 esse
464 3267 706 3336 fatentur,
762 3270 852 3323 sed
890 3289 1004 3324 eam
1040 3272 1160 3343 lege
1196 3272 1309 3343 ipsa
1357 3271 1553 3325 firmari
1590 3273 1788 3340 nolunt,
1850 3293 2037 3344 quum,
2094 3272 2193 3326 nisi
2249 3272 2480 3338 ecclesia,

65 3371 196 3425 quae
252 3353 431 3408 civitas
487 3355 728 3435 postulet,
786 3358 1033 3411 concedat
1090 3367 1142 3413 et
1200 3359 1369 3428 „ultra
1406 3360 1654 3414 terminos
1702 3361 2119 3432 progrediatur“,
2174 3367 2334 3413 totam
2371 3377 2480 3411 rem

64 3440 424 3496 scholasticam
461 3443 560 3497 soli
597 3443 914 3515 reipublicae
952 3445 1016 3499 de
1046 3447 1168 3518 jure
1205 3447 1432 3519 legeque
1471 3448 1640 3501 addici
1677 3448 1894 3501 malunt.
