2670 4126
145 125 209 165 VI

146 259 355 319 divitiis
407 268 461 318 et
509 260 790 338 opulentis
835 259 1185 337 praebendis
1247 260 1583 320 refutentur.
1688 260 1930 339 Insuper
1986 280 2234 331 summus
2278 262 2547 327 Pontifex

144 362 276 419 Pius
309 362 370 420 P.
404 362 527 435 IX..
577 381 741 439 quem
775 362 1201 420 transmittendo
1235 363 1466 422 easdem
1512 364 1898 440 quaestiones.
1945 381 2082 440 quas
2127 365 2198 422 ad
2245 367 2567 445 episcopos,

145 463 348 538 direxi.
419 463 725 520 humillime
785 466 1015 538 rogavi„
1084 471 1144 522 ut
1204 466 1487 542 episcopis
1556 464 1755 522 Italiae
1824 466 2165 539 austriacae.,
2233 465 2547 543 UngariaQ

147 564 422 637 Galiciae.
486 565 798 622 Dalmatiae
845 572 950 623 cet.
998 584 1206 643 preces
1253 583 1408 625 meas
1466 565 1915 638 commendaret.
1979 584 2096 624 non
2143 567 2312 626 modo
2359 571 2551 627 annuit·

144 667 230 726 his
297 665 584 744 precibuS„
657 664 758 724 sed
827 668 991 724 etiam
1044 666 1254 726 Nuntio
1301 666 1617 725 Viennensi
1686 667 1960 725 mandare
2007 676 2094 728 est
2139 666 2422 744 dignatus,
2490 677 2551 728 ut
2606 741 2610 744 p

144 768 492 827 voluntatem
560 765 617 826 S.
687 767 872 827 Patris
939 768 1049 829 illis
1119 770 1387 846 aperiret.
1507 767 1634 839 Quo
1696 767 1845 826 facto
1903 767 2023 826 Em.
2087 776 2144 827 et
2189 769 2337 828 Rev.
2382 768 2548 830 Dom.

146 869 459 928 Cardinalis
528 869 598 927 de
665 869 840 943 Luca.
903 889 974 929 eo
1020 879 1281 948 tempore
1342 869 1768 930 Pro-Nuntius
1826 871 2189 948 apostolicus„
2257 878 2411 930 tanto
2457 887 2554 931 me-

145 975 330 1032 affecit
387 972 634 1045 favore.
703 981 762 1031 ut
822 975 1186 1051 quaestiones
1248 992 1279 1030 a
1330 991 1431 1030 me
1492 974 1815 1050 propositas
1875 974 1998 1050 ipse
2046 972 2447 1050 imprimendas
2493 981 2552 1032 et

144 1076 212 1134 ad
283 1077 583 1154 episcopos
651 1075 1108 1135 transmittendas
1177 1081 1424 1147 curaret.
1492 1073 1786 1149 rogando.
1855 1081 1915 1131 ut
1982 1075 2050 1133 iis
2110 1066 2549 1151 responderent.

143 1176 664 1238 Reverendissimis
732 1177 969 1235 dominis
1038 1176 1271 1234 Archi-
1340 1183 1395 1234 et
1455 1174 1756 1254 Episcopis
1822 1174 2115 1251 Agriensi,
2153 1174 2548 1254 'Weszprim..,

146 1279 755 1358 Quinque-Eccles..
833 1278 1143 1352 Nitriensi.
1225 1277 1495 1356 Scepus..‚
1571 1276 1776 1352 Lugos.
1846 1295 1892 1334 r.
1960 1295 2047 1353 gr.
2115 1298 2200 1354 c..
2271 1279 2548 1352 Rosnan..
2643 1260 2647 1265 ’

146 1380 493 1455 Szathmar..
564 1381 857 1455 vaciensi.
930 1369 1168 1454 Sabar..
1241 1377 1520 1455 Cassov..
1590 1378 1873 1452 Cracov..
1942 1378 2263 1458 Premysl.„
2342 1381 2548 1455 Vicet.q

146 1481 357 1559 Spalat.
418 1490 474 1540 et
519 1482 806 1555 Macarc.„
877 1484 968 1559 qui
1024 1482 1152 1542 illas
1220 1501 1425 1560 preces
1493 1481 1863 1554 audiverunt.
1932 1482 2152 1542 intimas
2217 1482 2548 1561 debitasque

144 1586 358 1658 gratias
402 1602 583 1659 agens
630 1601 991 1661 summopere
1041 1584 1230 1659 dole0„
1300 1583 1448 1661 quod
1510 1590 1864 1661 contemptus
1925 1582 2361 1642 humillimarum
2431 1602 2544 1642 non

145 1692 378 1762 propter
445 1684 797 1743 commodum
866 1689 1147 1763 privatum
1213 1685 1489 1744 factarum
1557 1703 1790 1763 precum
1860 1702 1939 1742 ex
1998 1692 2158 1761 parte
2221 1693 2544 1744 ceterorum

147 1789 544 1863 episcoporum
587 1786 876 1864 impediat.
927 1790 1222 1864 quominus
1269 1788 1380 1846 hoc
1412 1806 1552 1866 opus
1585 1787 1847 1860 alterum.
1897 1785 2047 1864 quod
2081 1786 2151 1845 de
2185 1786 2546 1870 dioecesibus

146 1887 371 1944 illarum
417 1890 718 1963 regionum
767 1896 1132 1946 tractaturum
1178 1891 1267 1962 sit„
1317 1891 1477 1966 sequi
1522 1890 1716 1967 possit.

318 1988 407 2046 De
452 1990 638 2061 forma
681 1998 735 2045 et
778 1990 1003 2046 consilio
1049 1993 1242 2068 operis
1288 1990 1423 2048 nihil
1457 1990 1606 2063 dico7
1653 2007 1757 2067 per
1789 2007 1851 2048 se
1882 1996 2052 2066 patet.
2145 1988 2546 2066 Quaecumque

148 2097 336 2147 mente
378 2089 629 2165 benigna
673 2090 1144 2168 vituperabuntur
1189 2091 1257 2150 ab
1304 2093 1393 2164 iis„
1442 2093 1536 2169 qui
1582 2093 1703 2169 ipsa
1750 2092 2169 2167 vituperatione
2202 2087 2544 2166 probabunt,

149 2209 211 2250 se
260 2198 314 2248 et
359 2191 707 2266 intelligere,
757 2191 826 2250 de
875 2192 1072 2270 quibus
1121 2201 1345 2269 agatur.
1393 2191 1524 2270 quid
1571 2209 1712 2277 opus
1758 2194 1829 2250 sit
1876 2190 1945 2249 ad
1993 2190 2161 2248 finem
2197 2191 2542 2268 propositum

150 2292 585 2369 assequendum7
635 2300 691 2350 et
735 2311 855 2350 rem
902 2295 1080 2371 ipsam
1127 2302 1256 2352 ante
1304 2294 1498 2353 oculos
1545 2292 1784 2366 habere.
1832 2311 1901 2350 ea
1949 2291 2340 2351 lubentissime
2372 2293 2542 2349 ‘acci-

150 2395 319 2471 piam.
368 2393 765 2468 considerabo„
824 2398 1159 2454 occassione
1207 2395 1333 2453 data
1381 2397 1683 2470 corrigam.

322 2493 408 2551 De
455 2496 636 2566 operis
679 2498 911 2552 materia
955 2515 1135 2574 pauca
1174 2499 1292 2572 Jam
1341 2504 1467 2556 sunt
1512 2495 1768 2554 dicenda.
1859 2492 2117 2552 Difficile
2150 2496 2320 2552 immo
2366 2511 2545 2572 usque

155 2594 299 2653 adeo
345 2594 690 2672 impossibile
755 2603 876 2671 est„
924 2605 1243 2655 accuratam
1292 2599 1564 2674 cujusque
1611 2598 1695 2654 rei
1742 2588 1845 2674 pro
1893 2614 2230 2673 unaquaque
2293 2595 2545 2655 dioecesi

153 2694 289 2752 dare
335 2697 608 2768 notitiam.
657 2697 843 2774 quoad
889 2700 1069 2775 primo
1118 2716 1316 2757 omnes
1350 2697 1746 2757 Ordinariatus
1777 2697 2086 2755 relationes
2118 2703 2173 2754 et
2205 2703 2546 2773 conspectus

153 2815 185 2853 a
229 2796 494 2873 parochis
540 2816 610 2855 eo
658 2798 825 2856 modo
873 2798 1299 2876 componendos
1348 2806 1569 2872 curent„
1616 2807 1815 2857 utres
1862 2799 2000 2857 scitu
2041 2795 2247 2873 dignae
2293 2803 2544 2874 pateant„

153 2897 403 2957 secundo
471 2900 694 2958 notitias
765 2901 948 2958 omnis
1015 2901 1249 2975 generis
1315 2900 1733 2958 communicare
1793 2915 1908 2955 non
1969 2896 2237 2954 dubitent.
2329 2897 2402 2952 In
2446 2896 2548 2953 hoc

155 2999 290 3053 libro
337 2996 546 3071 offerri,
593 3017 732 3071 quae
772 3001 1006 3071 possint,
1051 3009 1198 3056 recte
1240 3018 1327 3055 me
1372 2998 1661 3074 affirmare
1698 3015 1863 3070 posse
1909 2999 2114 3070 opinor.
2217 2996 2306 3054 Ne
2359 3014 2547 3071 vagae

154 3097 423 3155 darentur
486 3101 736 3173 notitiae„
807 3101 978 3160 multa
1042 3104 1360 3176 praeterire
1408 3118 1572 3176 quam
1617 3101 1836 3156 incerta
1899 3097 2036 3156 dare
2082 3097 2272 3169 malui„
2342 3098 2552 3170 quoties

154 3198 461 3255 (authentica
506 3201 693 3255 deerat
734 3201 1067 3273 informatio,
1171 3201 1351 3272 Quam
1403 3200 1474 3258 ob
1522 3218 1746 3258 causam
1794 3217 1935 3276 opus
1980 3206 2190 3256 tantum
2239 3197 2430 3270 abest,
2491 3203 2550 3254 ut

154 3298 466 3375 perfectum
538 3299 729 3357 dicere
798 3303 1030 3377 possim.
1101 3309 1159 3358 ut
1227 3321 1258 3358 a
1327 3300 1438 3358 fine
1507 3301 1799 3378 proposito
1859 3300 2033 3374 longe
2097 3298 2306 3357 distare
2368 3315 2548 3372 cogor

156 3398 427 3456 confiteri.
506 3398 621 3459 Sed
670 3419 836 3477 quum
883 3404 1031 3458 omni
1079 3401 1203 3458 data
1251 3420 1427 3478 opera
1471 3401 1596 3458 fieri
1626 3418 1741 3457 non
1773 3393 1986 3477 posset.
2032 3407 2092 3457 ut
2129 3416 2270 3476 opus
2316 3397 2550 3455 ederem

157 3499 493 3574 perfectum.
567 3509 660 3559 aut
704 3501 871 3578 plane
919 3501 1163 3559 editione
1226 3500 1608 3561 desistendum
1650 3507 1744 3558 aut
1803 3519 1944 3578 opus
2006 3502 2188 3558 minus
2234 3496 2546 3575 perfectum

158 3596 436 3656 edendum
483 3609 620 3663 erat.
721 3600 862 3659 Illud
908 3601 1168 3677 equidem
1213 3602 1386 3659 volui.
1483 3602 1697 3662 Ductus
1754 3620 1899 3659 vero
1948 3602 2255 3658 amicorum
2300 3616 2551 3675 persua-

159 3699 342 3772 sione,
390 3703 480 3776 qui
526 3720 760 3778 operam
806 3701 1081 3774 inutilem.
1129 3720 1414 3779 expensas
1460 3701 1604 3760 haud
1650 3700 1994 3774 mediocres„
2039 3698 2374 3784 praeprimis
2404 3715 2551 3755 vero
2590 3767 2591 3770 Ἴ

163 3796 460 3857 diutiorem
505 3804 590 3858 rei
637 3803 1049 3860 cunctationem
1097 3801 1387 3876 dolebant„
1434 3803 1669 3861 alterum
1711 3803 1883 3878 elegi.
1972 3797 2186 3870 Quodsi
2216 3797 2346 3856 inde
2393 3800 2554 3858 vitu-
