2670 4126
2436 183 2516 226 113

114 317 194 368 11.
251 313 366 368 Soc.
438 312 599 366 dioec.
666 313 764 366 arti
832 312 1137 366 christianae
1205 309 1385 364 dicata.
1495 313 1578 365 12.
1635 311 1752 367 Soc.
1820 331 1914 384 pro
1982 313 2319 365 restauranda
2387 314 2514 366 eccl.

110 401 522 473 Metropolitana.

250 531 350 584 XI.
413 531 772 595 Fundationes),
824 531 995 603 leqata
1021 531 1125 602 pia
1163 537 1260 582 cet.
1336 529 1439 583 Pro
1488 550 1526 582 3.
1564 531 1827 600 sepulchro
1865 530 2117 585 Hierosol.
2157 530 2359 584 collecti
2400 540 2520 582 sunt

107 638 150 672 a.
192 620 346 683 1864,
385 619 435 670 Η.
479 620 686 684 12242,
725 626 990 690 praeterea
1026 619 1063 670 4
1101 617 1350 671 collectae
1387 617 1657 687 generales
1695 636 1788 688 pro
1827 618 2161 671 aedificandis
2200 617 2429 671 ecclesiis
2468 618 2521 669 in

106 706 219 758 aliis
270 705 582 759 dioecesibus
633 705 838 758 habitae
886 715 1020 758 sunt.
1098 704 1200 757 Pro
1257 703 1470 757 denario
1510 703 1563 757 S.
1603 703 1747 756 Petri
1786 725 1828 757 a.
1873 707 2014 758 1864
2064 705 2256 777 recepti
2297 713 2418 757 sunt
2455 723 2519 757 ex

0 861 2 867 Ι
105 792 331 846 collectis
373 794 580 858 17,851,
642 811 672 843 a
710 792 1132 863 confraternitate
1168 790 1222 844 S.
1262 790 1533 843 Michaelis
1569 791 1732 844 4666.
1785 792 1819 844 i.
1857 813 1895 844 S.
1937 794 2134 846 22.518
2171 792 2221 846 fl.
2309 791 2520 845 Funda—

104 883 259 935 tiones
312 899 355 933 a.
415 880 554 934 1864
611 898 704 950 pro
755 878 1116 932 anniversariis
1173 878 1349 931 aliisve
1408 878 1574 931 missis
1630 879 1729 931 491
1794 881 1958 933 factae
2016 889 2135 933 sunt
2187 899 2301 931 cum
2355 879 2519 932 fundo

109 968 325 1021 140.761
370 966 419 1020 fl.
460 966 745 1019 destinatae
780 985 872 1038 pro
910 968 1020 1020 202
1042 966 1299 1038 parochiis
1329 967 1446 1039 (pro
1472 965 1727 1037 parochiis
1757 965 2017 1020 Monachii
2044 968 2152 1039 68).
2182 999 2250 1006 -
2286 970 2308 1019 1
2342 967 2516 1020 benef.

105 1063 331 1108 erectum
368 1057 408 1108 2-
441 1053 607 1106 benef.
647 1054 862 1107 fundata
901 1063 952 1107 et
988 1061 1157 1107 erecta
1196 1061 1331 1119 sunt,
1372 1053 1403 1105 3
1445 1053 1616 1105 officia
1655 1054 2086 1124 praedicatorum,
2125 1057 2158 1109 2
2187 1054 2518 1126 expositurae

103 1161 218 1194 cum
273 1141 588 1211 obligatione
638 1141 863 1194 scholam
921 1141 1145 1207 tenendi,
1202 1143 1235 1195 2
1274 1159 1450 1212 expos
1506 1141 1776 1194 curatiales
1830 1150 2042 1209 creatae,
2101 1144 2134 1194 6
2187 1141 2521 1193 dismembra-

102 1227 266 1281 tiones
305 1229 485 1282 factae.

1202 1435 1249 1500 g.
1324 1433 1410 1486 29.

616 1576 681 1633 Β.
753 1578 1042 1633 Dioecesis
1107 1576 1429 1645 Auqustana
1496 1573 1991 1650 (Anysbury).

243 1775 431 1828 Erecta
478 1774 684 1827 saeculo
720 1774 865 1827 ,VIto
921 1782 1156 1841 exeunte,
1207 1774 1484 1827 saecularis
1528 1774 1730 1827 reddita
1778 1794 1822 1827 a.
1878 1774 2033 1839 1803,
2087 1792 2183 1846 per
2220 1773 2517 1828 concordat.

97 1880 141 1914 a.
183 1863 338 1927 1817,
398 1861 537 1914 bulla
596 1862 727 1927 „Dei
767 1881 826 1913 ac
863 1861 1107 1917 Domini“
1171 1883 1214 1917 a.
1256 1863 1396 1915 1819
1435 1863 1675 1916 restituta
1735 1871 1785 1915 et
1823 1861 1889 1914 de
1939 1880 2074 1915 novo
2128 1862 2515 1932 circumscripta

97 1957 183 2001 est.
265 1948 555 2022 Episcopus

356 2058 764 2111 Pancratius
821 2057 1102 2125 Dinkel,
1159 2066 1262 2112 nat.
1321 2061 1368 2111 9.
1432 2059 1583 2112 Febr.
1646 2060 1803 2124 1811,
1866 2058 1977 2111 ord.
2032 2059 2115 2112 31.
2170 2059 2309 2129 Aug.
2355 2059 2510 2125 1834,

520 2145 789 2199 inthroniS.
829 2147 914 2199 21.
953 2145 1085 2199 Nov.
1130 2147 1282 2199 1858.
1755 2158 1758 2160 ’

349 2253 566 2308 Mensa:
619 2256 698 2308 10.
702 2256 809 2307 000
845 2255 894 2308 Η.
978 2255 1132 2310 Tama
1168 2277 1436 2311 camerae.-
1488 2259 1595 2311 600
1631 2259 1682 2311 Η
1724 2258 2128 2312 au1.=3332
2167 2258 2217 2311 Η.
2260 2257 2339 2309 rh.

236 2385 279 2437 I.
354 2384 508 2438 Situs.
582 2385 651 2438 In
700 2385 910 2439 district.
962 2386 1197 2442 Gubern.
1251 2387 1545 2443 Schwaben
1597 2397 1648 2442 et
1698 2389 1972 2458 Neuburg‚
2027 2387 2279 2441 Bavariae
2339 2406 2509 2458 super

92 2482 140 2523 et
179 2470 503 2525 Franconiae
541 2471 767 2525 mediae.-

233 2580 304 2633 II.
379 2580 662 2646 Dividitur,
703 2582 747 2633 si
788 2582 1094 2645 adnumeres
1134 2585 1355 2638 civitatis
1395 2585 1702 2643 decanatum
1741 2594 1793 2638 et
1831 2586 2303 2639 archidiaconatum
2341 2586 2395 2636 in
2434 2587 2507 2637 40

91 2666 380 2720 decanatus,
473 2667 671 2720 Decani
727 2678 815 2722 aut
870 2689 900 2722 a
936 2671 1176 2743 parochis
1215 2672 1361 2725 electi
1423 2682 1513 2726 aut
1553 2674 1616 2724 ab
1657 2672 1940 2726 Ordinario
1981 2673 2233 2726 nominati
2293 2674 2357 2724 ab
2410 2673 2507 2725 hoc

88 2753 201 2825 ipso
239 2754 592 2808 instituuntur.

87 2948 125 3002 J
162 2898 166 2901 ,
230 2862 333 2916 ΙΠ.
409 2863 585 2917 Status
620 2867 919 2918 animarum
958 2866 1185 2937 (1863):
1243 2865 1392 2921 Cath.
1434 2869 1552 2920 616
1559 2870 1680 2933 947
1722 2868 1911 2920 A.catb
1955 2869 2024 2920 70
2029 2870 2150 2924 000
2190 2869 2254 2920 ad
2294 2870 2379 2935 80,
2382 2823 2508 2932 000,

127 2949 210 3002 ud.
249 2950 313 3003 ad
353 2952 524 3005 5.300

230 3057 806 3114 Neo-communicantes
867 3062 1342 3116 11.000-12.000.
1436 3063 1581 3115 Idem
1643 3083 1883 3117 numerus
1941 3065 2358 3136 confirmatorum
2414 3056 2507 3135 per

86 3164 282 3198 annum
320 3146 481 3213 adest,
519 3167 562 3200 a.
605 3149 743 3202 1862
785 3148 1190 3202 extraordinarie
1235 3151 1439 3203 17.531.

229 3231 567 3286 Matrimonia
603 3237 770 3289 mioeta
809 3244 929 3288 sunt
966 3246 1228 3289 contracta
1259 3239 1378 3305 123,
1420 3257 1638 3309 quorum
1685 3241 1786 3292 100
1826 3259 1942 3293 cum
1981 3240 2183 3293 educat.
2223 3240 2501 3292 liberorum

86 3319 298 3386 cathol.,
357 3321 425 3373 23
482 3339 596 3373 cum
653 3322 847 3376 educat.
902 3332 991 3376 aut
1046 3324 1211 3377 mixta
1261 3334 1349 3377 aut
1403 3326 1617 3378 acathol.
1670 3326 1901 3399 Reliqui,
1929 3328 2129 3381 numeri
2166 3327 2329 3398 ignoti
2384 3336 2504 3379 sunt

86 3405 455 3460 Ordinariatui.

226 3536 321 3590 IV.
401 3537 651 3592 Clarus.
727 3559 770 3591 a.
808 3540 1081 3597 Institutio.
1159 3545 1206 3597 1.
1258 3543 1514 3599 Seminar.
1541 3565 1830 3617 puerorum
1869 3546 2140 3617 Dillingae
2192 3546 2412 3619 (fundat.
2452 3566 2502 3599 a.

27 3629 29 3631 ’
86 3624 247 3694 1861)
297 3643 417 3678 (311111
453 3625 695 3697 Inspect.,
735 3626 907 3681 Praef.
946 3637 999 3681 et
1035 3631 1107 3684 24
1146 3631 1381 3684 alumnis

225 3713 274 3764 2.
325 3711 580 3767 Seminar.
630 3714 863 3767 clericale
911 3716 1145 3790 (ibidem)
1199 3736 1315 3770 cum
1355 3718 1518 3790 Regu,
1576 3719 1797 3790 Subreg.
1839 3727 1890 3772 et
1929 3720 1998 3772 39
2037 3720 2286 3786 alumnis3
2345 3739 2491 3791 prae-

83 3802 223 3847 terea
281 3796 334 3848 in
392 3799 609 3871 collegio
662 3800 859 3871 Georg.
910 3801 1208 3858 Monacensi
1261 3804 1458 3876 aliquot
1515 3807 1654 3875 (vide
1702 3807 1879 3878 supra)
1933 3807 2154 3859 student.
2231 3807 2491 3879 Theologi

81 3883 351 3955 Dillingae
407 3903 499 3956 per
552 3896 658 3941 tres
710 3907 874 3941 annos
930 3888 1163 3961 Lyceum
1214 3892 1561 3963 frequentant,
1619 3893 1765 3962 cujus
1813 3894 1967 3946 sectio
2023 3893 2251 3964 theolog.
2303 3913 2419 3947 cum
2459 3897 2493 3947 6

2113 4010 2141 4052 8
