2670 4126
425 1169 1179 1243 Provhleiae
1246 1169 1364 1238 et
1431 1163 2132 1268 Dioeebeses.

1113 1399 1456 1407 ——-———-—-—-—-

378 1557 434 1624 Ι.
540 1543 921 1624 Ρωνίῐιῡίειμ
958 1552 1425 1622 Bohemiae
1480 1551 1628 1618 sive
1682 1550 2196 1643 pragensis.

1180 1754 1225 1820 ἓ.
1303 1749 1385 1803 18.

989 1871 1292 1930 Generales
1340 1871 1582 1929 notitiae.

224 2028 269 2082 Ι.
318 2028 564 2084 Continet
610 2047 834 2102 regnum
883 2027 1182 2096 Bohemiae,
1240 2025 1398 2082 9437
1453 2024 1560 2080 mil.
1603 2032 1686 2093 [1,
1745 2032 1799 2079 et
1837 2023 2133 2077 comitatum
2172 2023 2492 2078 borussicum

86 2116 240 2173 Glatz
274 2115 329 2170 in
366 2116 554 2173 Silesia
588 2117 853 2172 borussica
889 2116 1058 2169 situm.

224 2204 431 2259 Incolae
478 2204 532 2259 in
585 2204 870 2259 Bohemia:
928 2203 1062 2270 cath,
1119 2202 1434 2270 4‚947.686;
1490 2201 1656 2255 acath.
1711 2201 1937 2269 96.652;
1989 2200 2108 2273 jud5
2157 2200 2381 2268 83253,
2438 2201 2495 2254 in

338 2313 541 2347 summa
579 2293 878 2359 5,127.590.

339 2380 647 2451 (seeundum
687 2379 1009 2452 „cataloqoffl
1045 2378 1109 2431 ab
1146 2378 1271 2450 ipsis
1311 2376 1482 2432 Curiis
1520 2375 1898 2448 episcopalibus
1938 2396 1982 2429 a.
2028 2376 2170 2429 1865
2209 2375 2418 2449 editos.)

230 2465 411 2520 Clerus
447 2485 491 2519 a.
534 2467 704 2524 1865:
743 2486 841 2520 sae.
879 2485 1009 2520 saec,
1048 2467 1203 2521 3.402
1244 2497 1313 2505 -
1350 2485 1388 2518 s,
1427 2482 1539 2536 reg.
1580 2464 1718 2531 8373
1755 2497 1827 2504 —
1876 2463 1934 2517 in
1972 2482 2170 2516 summa
2207 2464 2384 2517 4239.

225 2551 539 2626 Requlares:
593 2572 746 2607 masc.
790 2555 946 2609 1.200
981 2585 1054 2594 -—
1092 2554 1210 2608 fem.
1251 2554 1360 2606 544
1396 2551 1675 2625 universim
1718 2552 1890 2605 1.744.

224 2639 419 2695 Addita
441 2643 681 2695 comitam
709 2641 949 2696 Glacensi
974 2641 1153 2695 habet:
1191 2641 1387 2695 incolas
1413 2639 1546 2692 cath.
1575 2639 1857 2694 5.103.039
1884 2671 1949 2679 —
1980 2638 2143 2691 anath.
2174 2638 2403 2693 100.712
2427 2672 2493 2680 —

335 2728 448 2798 jud.
488 2730 699 2784 83.542.

231 2814 476 2869 Clerum:
530 2836 568 2870 s,
624 2836 663 2873 s,
721 2818 878 2871 3512
935 2835 976 2869 r.
1038 2816 1161 2883 837,
1218 2815 1250 2868 i.
1306 2834 1344 2867 ε.
1400 2814 1589 2882 4.349;
1666 2830 1776 2884 reg.
1833 2830 1902 2866 m.
1963 2812 2119 2866 1200
2178 2844 2243 2852 -
2297 2812 2332 2866 f.
2373 2814 2492 2868 583.

338 2902 478 2957 univ.
517 2904 688 2958 1:783.

226 2988 300 3043 II.
355 2990 695 3045 Instituta
734 2993 1151 3064 provinciae
1213 2989 1619 3043 communia:
1695 2989 1741 3040 1.
1795 2986 2010 3040 Fundus
2052 2986 2318 3059 reliyionis
2355 2987 2496 3041 bohe-

87 3076 262 3141 micus,
300 3077 443 3147 eujus
479 3078 712 3133 redditus
750 3079 1032 3133 seeundum
1082 3076 1289 3150 Budyet
1326 3096 1371 3129 a.
1416 3076 1553 3129 1863
1592 3084 1742 3129 sunt:
1795 3076 2028 3129 967.868
2065 3074 2117 3126 fl.
2153 3093 2293 3128 mon.
2333 3083 2491 3128 austr.

85 3162 337 3216 Deductis
392 3166 631 3236 expensis
688 3151 965 3240 supersunt
1020 3167 1214 3220 27.985
1275 3164 1350 3232 fl.,
1418 3163 1507 3234 qui
1555 3163 1755 3217 aerario
1808 3162 2016 3236 publico
2053 3162 2328 3214 traduntur
2378 3162 2491 3233 (sed

86 3249 262 3304 videas
321 3268 476 3322 supra
531 3255 578 3321 ξ.
630 3254 703 3324 9).
794 3253 846 3305 2.
906 3252 1120 3307 Fundus
1156 3252 1442 3306 studiorum
1497 3249 1640 3324 (vide
1677 3269 1835 3324 supra
1871 3255 1902 3319 ξ
1947 3253 2021 3320 9),
2082 3249 2226 3318 cujus
2262 3250 2492 3304 redditus

86 3345 207 3390 sunt
243 3339 364 3391 252.
406 3338 512 3389 560
553 3337 632 3406 fl.‚
689 3339 932 3393 deficiunt
978 3341 1221 3407 195209,
1279 3339 1369 3411 qui
1405 3357 1470 3392 ex
1520 3337 1720 3392 aerario
1775 3337 2059 3404 solvuntur.
2152 3336 2239 3390 Ex
2294 3336 2491 3391 aerario

86 3423 294 3496 publico
320 3423 526 3477 ecclesia
558 3424 711 3495 hujus
733 3427 1030 3500 provinciae
1054 3444 1121 3479 ne
1146 3445 1306 3479 unum
1344 3426 1550 3498 quidem
1605 3425 1874 3479 denarium
1912 3423 2113 3496 accipit.
2204 3423 2257 3477 3.
2296 3423 2492 3478 Domus

88 3510 518 3583 comiqendorum,
557 3530 688 3583 quae
734 3513 938 3585 Pragae
976 3513 1041 3566 ad
1080 3513 1135 3568 S.
1175 3513 1468 3584 Georgium
1505 3521 1583 3568 est
1635 3515 1722 3586 (ex
1760 3513 1920 3566 fundo
1958 3512 2050 3565 rel.
2090 3512 2250 3565 3.498
2280 3510 2370 3581 fl.).

229 3597 330 3650 III.
380 3597 657 3670 Beneficia.
731 3597 799 3652 A.
849 3600 905 3653 in
950 3600 1232 3655 Bohemia:
1293 3602 1427 3654 1791
1468 3601 1711 3673 paroch,
1773 3601 1875 3653 140
1912 3599 2025 3655 alia.
2099 3597 2160 3651 B.
2197 3597 2251 3650 in
2290 3617 2489 3652 summa

94 3684 232 3737 1839
267 3686 493 3756 paroch„
534 3687 639 3740 150
676 3685 803 3754 alia3
855 3707 1055 3741 summa
1090 3688 1266 3742 totalis
1306 3688 1460 3742 1979.

232 3769 332 3825 IV.
383 3771 488 3826 Pro
524 3773 865 3827 sacerdotibus
902 3774 1241 3845 deficientibus
1295 3774 1578 3828 seeundum
1616 3772 1826 3844 Budget
1863 3792 1905 3826 a.
1947 3771 2086 3825 1863
2123 3770 2390 3826 solvuntur
2426 3793 2491 3828 eoe

82 3855 260 3930 fundo
294 3858 385 3912 rel.
423 3860 694 3933 quotannis
735 3860 930 3928 98,000
965 3860 1033 3916 11..
1053 3880 1122 3918 m.
1158 3880 1202 3917 a.
