2670 4126
164 134 219 175 ‘72

165 263 490 334 evangelica3
548 284 710 337 pauca
749 274 948 319 tantum
1004 266 1373 333 „simultanea“
1430 269 1673 323 existunt.
1749 269 1809 326 Si
1845 269 2104 328 scholares
2141 275 2410 347 respicias,
2466 275 2575 329 fere

165 351 336 404 omnia
374 363 495 406 sunt
533 355 721 421 mixta,
762 373 922 425 quare
960 355 1275 409 catechetam
1312 356 1582 428 utriusque
1622 356 1953 411 confessionis
1990 359 2182 416 habere
2218 362 2403 417 solent.

312 472 359 523 6.
430 471 667 525 Βοῆοῑαε,
695 471 888 537 reales,
959 491 1084 544 quas
1139 480 1372 546 tempore
1432 473 1627 526 recenti
1683 474 2074 528 communitates
2129 476 2473 532 fimdaverunt
2525 485 2576 532 et

165 557 432 625 sustinent,
474 559 536 610 de
568 558 687 627 jure
726 559 1119 612 confessionales
1158 578 1262 613 non
1302 567 1437 626 sunt,
1485 578 1641 631 quum
1680 568 1785 614 tam
1823 562 2058 615 catholici
2097 582 2253 634 quam
2289 564 2575 632 acatholici,

167 644 326 698 immo
361 645 547 717 partim
589 654 638 698 et
668 645 867 716 judaici,
902 647 1135 718 magistri
1174 666 1203 699 a
1229 646 1680 701 communitatibus
1708 659 1966 703 vocentur.
2040 649 2383 705 Ministerium
2409 653 2576 707 cultus

169 751 374 804 operam
427 733 542 799 dat,
599 742 657 785 ut
707 734 892 787 harum
943 734 1238 788 scholarum
1302 734 1686 800 „characterem
1743 736 2111 791 christianum“
2173 745 2441 792 conservet
2491 737 2572 793 vel

166 819 387 872 inducat.
466 820 680 875 Scholae
718 821 916 875 mediae
953 822 1089 876 inter
1128 821 1466 876 elementares
1516 839 1581 875 ex
1629 842 1760 891 una,
1815 831 1867 877 et
1916 826 2191 896 gymnasia
2239 825 2323 880 vel
2372 823 2572 879 scholas

166 907 329 960 reales
370 926 435 961 ex
476 908 635 961 altera
671 918 821 981 parte
858 909 1030 963 adhuc
1067 908 1466 962 confessionales
1503 917 1638 964 sunt.

311 1024 359 1076 7.
406 1023 584 1078 Omnis
619 1045 700 1079 res
735 1026 1035 1080 scholastica
1072 1044 1340 1098 supremae
1377 1025 1692 1099 reipublicae
1735 1027 2043 1100 inspectioni
2079 1028 2323 1100 subjacet,
2363 1034 2575 1101 excepta

164 1111 431 1182 religionis
481 1112 726 1167 doctrina.
814 1114 1123 1185 Respublica
1174 1132 1295 1167 vero
1346 1133 1461 1167 cum
1511 1114 1727 1168 ecclesia
1777 1133 1838 1168 eo
1889 1116 1999 1187 agit
2048 1115 2383 1188 conjunctim,
2414 1114 2575 1186 'quod

165 1199 535 1271 inspection„m
587 1201 694 1254 fere
746 1220 842 1274 per
891 1202 1183 1261 sacerdotes
1233 1209 1435 1254 tantum
1486 1210 1707 1256 exercet.
1807 1201 2013 1256 Primus
2066 1203 2271 1258 scholae
2318 1203 2576 1275 inspector

166 1287 336 1358 quoad
375 1307 455 1341 res
493 1288 784 1342 scholarum
824 1290 1049 1342 internas
1089 1297 1166 1342 est
1202 1290 1302 1343 loci
1338 1282 1596 1362 parochus
1613 1263 1662 1357 ,ο
1685 1290 1773 1362 qui
1809 1291 2129 1357 membrum,
2177 1298 2236 1344 ut
2283 1291 2354 1344 ita
2390 1289 2574 1357 dicam,

165 1374 466 1440 „nativum“
531 1377 804 1449 „praesidii
862 1377 1189 1431 scholastici“
1251 1378 1488 1432 habetur.
1584 1377 1738 1433 Circa
1793 1379 2041 1448 majorem
2097 1377 2388 1432 scholarum
2443 1395 2576 1431 com·

161 1463 374 1534 plexum
414 1465 763 1536 „inspectores
802 1465 980 1518 circuli
1018 1465 1342 1518 scholarum“
1383 1465 1753 1538 inspectionem
1793 1465 1985 1518 habent
2023 1484 2089 1519 ex
2139 1465 2407 1537 utriusque
2455 1475 2576 1518 con-

163 1551 400 1603 fessionis
439 1552 639 1605 clericis
678 1553 971 1607 assumendi
1009 1561 1058 1607 et
1095 1553 1391 1607 immediate
1427 1554 1682 1626 gubernio
1721 1554 1953 1626 subjecti.
2026 1554 2094 1607 In
2134 1553 2274 1607 omni
2323 1551 2577 1624 gubernio

160 1658 257 1710 pro
295 1658 353 1692 re
391 1640 695 1693 scholastica
747 1640 1052 1695 elementari
1102 1641 1391 1696 consiliarii
1437 1642 1723 1711 scholastici
1769 1642 1824 1694 in
1874 1641 1974 1696 hoc
2022 1659 2216 1712 genere
2263 1639 2453 1694 versati
2500 1639 2578 1693 in-

163 1726 471 1794 stituuntur,
516 1729 639 1801 fere
693 1749 860 1783 omnes
917 1729 1091 1782 clerici
1151 1730 1439 1801 (quondam
1484 1730 1710 1801 parochi
1758 1729 1888 1782 cath.
1940 1738 1992 1782 ct
2047 1747 2230 1800 evang.
2283 1728 2576 1795 directoreS,

164 1814 515 1888 inspectores),
557 1836 686 1888 quos
725 1817 1067 1871 ministerium
1105 1818 1249 1890 prius
1275 1816 1457 1871 habita
1481 1817 1850 1871 deliberatione
1876 1836 1991 1870 eum
2017 1815 2288 1890 episcopis,
2328 1820 2577 1887 quantum

162 1911 358 1974 spectat
397 1903 460 1957 ad
500 1905 793 1972 catholicOS,
847 1905 1106 1973 nominat3
1163 1905 1215 1958 in
1270 1904 1588 1959 dioecesibus
1628 1904 1848 1957 Monast.
1900 1913 1951 1958 et
1987 1903 2208 1958 Paderb.
2257 1902 2430 1957 nullus
2480 1900 2580 1954 nisi

161 1991 400 2044 sacerdos
451 1992 762 2059 instituitur,
822 1993 911 2064 qui
963 1993 1227 2047 decretum
1277 1994 1341 2046 ab
1392 2000 1611 2064 utraque
1660 2000 1919 2065 potestate
1971 1991 2326 2045 confirmatum
2375 1987 2576 2061 recipit.

163 2078 270 2133 Ubi
309 2079 394 2132 hic
432 2080 749 2133 consiliarius
788 2081 948 2134 laicus
987 2090 1087 2148 est,
1138 2081 1391 2153 inspectio
1428 2081 1675 2152 religiosa
1712 2079 1863 2135 alteri
1900 2079 1963 2132 ab
2014 2079 2250 2152 episcopo
2301 2078 2577 2144 confertur,
2657 2156 2664 2159 ἢ

163 2185 265 2237 qua
303 2186 361 2220 re
399 2167 543 2220 rixae
581 2188 704 2221 ansa
741 2170 1034 2241 praebetur.
1112 2168 1411 2224 Consiliarii
1451 2168 1688 2221 catholici
1725 2186 1830 2221 non
1868 2168 2096 2221 existunt
2146 2165 2281 2239 apud
2323 2162 2580 2236 gubernia

163 2254 475 2323 Gumbinn.,
531 2255 786 2324 Coeslin.,
839 2257 1161 2324 Stralsund.,
1215 2256 1452 2325 stettin,
1503 2255 1830 2311 Francofurt.
1870 2254 1936 2308 a'd
1973 2254 2250 2321 Viadram,
2299 2251 2577 2317 Potsdam.‚

161 2341 534 2415 Magdeburg.,
593 2365 751 2417 quum
792 2345 845 2398 in
884 2345 964 2398 his
1004 2345 1316 2398 districtibus
1354 2343 1624 2417 pauciores
1664 2343 1766 2396 sint
1803 2342 2013 2396 scholae
2051 2340 2354 2407 catholicae,
2412 2339 2484 2392 ita
2521 2344 2579 2390 ut

159 2448 243 2482 res
294 2431 584 2484 scholarum
643 2432 775 2485 cath.
834 2432 905 2485 ibi
966 2453 996 2484 a
1053 2431 1355 2485 consiliariis
1414 2450 1600 2502 evang.
1658 2438 1956 2483 tractentur.
2050 2428 2247 2482 Contra
2304 2423 2579 2481 consiliarii

161 2535 346 2588 evang.
385 2519 436 2570 in
488 2519 611 2592 ipsis
664 2520 935 2591 guberniis
974 2519 1177 2573 Trevir.
1229 2527 1281 2572 et
1319 2519 1638 2590 Aquisgran.
1692 2519 1908 2584 adsunt,
1961 2516 2194 2589 quamvis
2244 2512 2580 2588 paucissimae

162 2605 233 2657 ibi
272 2606 498 2660 existant
535 2607 742 2662 scholae
780 2607 1124 2679 evangelicae.
1164 2640 1233 2647 —
1273 2607 1563 2679 Gymnasia
1604 2615 1657 2661 et
1706 2606 1913 2660 scholae
1963 2605 2132 2659 reales
2181 2602 2336 2676 primi
2385 2599 2580 2655 ordinis

165 2694 381 2747 subsunt
423 2696 677 2767 „colleyiis
714 2696 944 2750 scholast.
988 2695 1432 2768 provincialibusa
1444 2736 1462 2761 ,
1521 2694 1706 2767 quibus
1758 2702 1864 2748 tota
1912 2691 2179 2766 provincia
2229 2688 2436 2744 subdita
2486 2693 2579 2741 est.

161 2780 377 2835 Habent
417 2784 769 2850 „consiliarios
804 2784 954 2838 schol.
991 2783 1367 2855 provinciales“
1397 2782 1539 2849 cath.
1580 2790 1632 2835 et
1668 2800 1852 2853 evang.
1891 2781 2076 2845 laicos,
2134 2778 2224 2850 qui
2271 2776 2579 2849 plerumque

162 2869 445 2923 directores
495 2870 791 2943 hujusmodi
857 2872 1150 2926 scholarum
1214 2869 1436 2926 fuerunt.
1525 2870 1658 2923 Tam
1712 2869 1767 2922 hi
1826 2887 1978 2940 quam
2033 2864 2294 2937 magistri,
2347 2859 2579 2934 exceptis

161 2957 438 3011 catechetis
478 2957 542 3009 ab
570 2958 824 3031 episcopis
852 2959 1095 3014 missione
1122 2959 1370 3013 canonica
1395 2956 1665 3030 donandis,
1703 2975 1735 3008 a
1764 2954 2019 3027 gubernio
2044 2954 2206 3007 libere
2231 2950 2578 3005 nominantur.

162 3044 424 3098 Institutio
464 3045 707 3116 religiosa
748 3054 800 3099 et
825 3066 1094 3100 sacrorum
1134 3046 1391 3102 ordinatio
1419 3043 1815 3099 ordinariorum
1844 3059 2087 3096 eorumve
2113 3036 2578 3092 commissariorum

162 3141 264 3200 est3
304 3132 549 3204 regendis
587 3132 801 3204 reliquis
842 3134 1125 3206 disciplinis
1162 3153 1272 3189 non
1308 3133 1580 3186 intersunt.
1654 3129 1714 3185 Si
1750 3129 1887 3183 mala
1925 3134 2228 3192 occurrant,
2266 3143 2443 3179 eorum
2482 3130 2578 3190 est,

163 3220 442 3291 collegium
480 3219 638 3274 schol.
677 3240 821 3294 prov.
862 3222 1051 3275 certius
1090 3223 1260 3275 facere
1299 3228 1352 3275 et
1399 3237 1618 3290 rogare,
1675 3225 1736 3271 ut
1783 3215 2071 3270 remedium
2122 3212 2363 3267 inveniat.
2435 3208 2577 3264 Reli-

164 3309 336 3382 gionis
373 3311 623 3382 magister
661 3311 1008 3364 consentiente
1045 3310 1288 3383 episcopo
1326 3308 1607 3363 ordinatur.

313 3428 361 3479 8.
412 3425 773 3481 Universitates
808 3425 1102 3480 immediate
1138 3425 1425 3479 Ministerio
1463 3423 1625 3476 cultus
1660 3419 1891 3473 subsunt.
1979 3418 2046 3471 In
2094 3416 2185 3471 hoc
2230 3433 2313 3468 res
2363 3411 2576 3466 catholi-

169 3532 343 3566 carum
381 3513 538 3566 schol.
578 3514 747 3580 elem,
787 3512 1211 3586 gymnasiorum,
1250 3512 1542 3565 scholarum
1578 3506 1822 3573 realium,
1861 3505 2169 3558 facultatum
2208 3500 2339 3554 cath.
2378 3499 2575 3555 theolo-

168 3601 399 3670 gicarum
434 3600 488 3653 in
527 3601 942 3654 universitatibus
993 3598 1327 3653 existentium
1344 3640 1357 3666 ,
1415 3615 1594 3652 earum
1643 3593 2002 3647 cathedrarum
2050 3591 2105 3644 in
2156 3585 2576 3642 universitatibus

167 3685 525 3754 existentium,
565 3687 630 3739 ad
669 3707 796 3758 quas
835 3693 1045 3741 vocetur
1082 3685 1359 3739 catholicus
1397 3704 1464 3739 ex
1501 3688 1691 3736 statuto
1729 3687 1933 3753 oportet
1970 3678 2093 3752 [una
2129 3673 2375 3728 cathedra
2410 3672 2577 3745 philo-

170 3773 379 3844 sophica
418 3782 469 3828 et
505 3774 749 3828 historica
786 3782 838 3827 et
868 3774 1002 3846 juris
1040 3773 1275 3827 canonici
1300 3773 1354 3825 in
1378 3767 1792 3826 universitatibus
1818 3765 2080 3821 Bonnensi
2105 3769 2157 3817 et
2190 3760 2577 3814 Vratislaviensi

171 3860 410 3915 catholico
443 3863 723 3937 professori
760 3861 871 3915 dari
904 3859 1096 3935 debet]‚
1136 3860 1428 3914 academiae
1457 3854 1896 3921 MonasteriensiS,
1933 3850 2071 3925 lycei
2106 3849 2332 3921 denique
2352 3846 2575 3900 Brauns-
