<?xml version="1.0" encoding="UTF-8"?>
<!DOCTYPE html PUBLIC "-//W3C//DTD XHTML 1.0 Transitional//EN"
    "http://www.w3.org/TR/xhtml1/DTD/xhtml1-transitional.dtd">
<html xmlns="http://www.w3.org/1999/xhtml" xml:lang="en" lang="en">
 <head>
  <title>
</title>
<meta http-equiv="Content-Type" content="text/html;charset=utf-8" />
  <meta name='ocr-system' content='tesseract 3.04.00' />
  <meta name='ocr-capabilities' content='ocr_page ocr_carea ocr_par ocr_line ocrx_word'/>
</head>
<body>
  <div class='ocr_page' id='page_1' title='image "a608058900schuuoft_0038.png"; bbox 0 0 2670 4126; ppageno 0'>
   <div class='ocr_carea' id='block_1_1' title="bbox 221 89 273 133">
    <p class='ocr_par' dir='ltr' id='par_1_1' title="bbox 221 89 273 133">
     <span class='ocr_line' id='line_1_1' title="bbox 221 89 273 133; baseline 0 0"><span class='ocrx_word' id='word_1_1' title='bbox 221 89 273 133; x_wconf 85' lang='lat'>26</span> 
     </span>
    </p>
   </div>
   <div class='ocr_carea' id='block_1_2' title="bbox 205 219 2608 915">
    <p class='ocr_par' dir='ltr' id='par_1_2' title="bbox 220 219 2607 301">
     <span class='ocr_line' id='line_1_2' title="bbox 220 219 2607 301; baseline 0.006 -26"><span class='ocrx_word' id='word_1_2' title='bbox 220 222 242 275; x_wconf 86' lang='lat'>1</span> <span class='ocrx_word' id='word_1_3' title='bbox 288 220 499 275; x_wconf 90' lang='lat' dir='ltr'>Admin.</span> <span class='ocrx_word' id='word_1_4' title='bbox 539 220 687 289; x_wconf 88' lang='lat' dir='ltr'>eccl.,</span> <span class='ocrx_word' id='word_1_5' title='bbox 743 223 800 275; x_wconf 74' lang='lat' dir='ltr'>in</span> <span class='ocrx_word' id='word_1_6' title='bbox 835 238 1064 274; x_wconf 82' lang='lat' dir='ltr'>summa.-</span> <span class='ocrx_word' id='word_1_7' title='bbox 1114 222 1217 274; x_wconf 87' lang='grc'>629</span> <span class='ocrx_word' id='word_1_8' title='bbox 1256 219 1423 275; x_wconf 91' lang='lat' dir='ltr'>benef.</span> <span class='ocrx_word' id='word_1_9' title='bbox 1464 230 1516 277; x_wconf 91' lang='lat' dir='ltr'>et</span> <span class='ocrx_word' id='word_1_10' title='bbox 1551 225 1658 278; x_wconf 88' lang='grc'>436</span> <span class='ocrx_word' id='word_1_11' title='bbox 1697 242 1840 298; x_wconf 93' lang='lat' dir='ltr'>coop.</span> <span class='ocrx_word' id='word_1_12' title='bbox 1880 233 1931 280; x_wconf 90' lang='lat' dir='ltr'>et</span> <span class='ocrx_word' id='word_1_13' title='bbox 1966 245 2102 301; x_wconf 61' lang='lat' dir='ltr'>cap„</span> <span class='ocrx_word' id='word_1_14' title='bbox 2156 230 2224 284; x_wconf 86' lang='lat'>10</span> <span class='ocrx_word' id='word_1_15' title='bbox 2261 231 2448 286; x_wconf 89' lang='lat' dir='ltr'>admin.</span> <span class='ocrx_word' id='word_1_16' title='bbox 2486 234 2607 290; x_wconf 85' lang='lat' dir='ltr'>eccl.</span> 
     </span>
    </p>

    <p class='ocr_par' dir='ltr' id='par_1_3' title="bbox 357 306 1427 383">
     <span class='ocr_line' id='line_1_3' title="bbox 357 306 1427 383; baseline -0.002 -18"><span class='ocrx_word' id='word_1_17' title='bbox 357 309 456 365; x_wconf 82' lang='lat' dir='ltr'>Jus</span> <span class='ocrx_word' id='word_1_18' title='bbox 494 309 815 383; x_wconf 86' lang='lat' dir='ltr'>providendi.</span> <span class='ocrx_word' id='word_1_19' title='bbox 889 307 1025 361; x_wconf 89' lang='lat' dir='ltr'>Vide</span> <span class='ocrx_word' id='word_1_20' title='bbox 1061 306 1317 362; x_wconf 85' lang='lat' dir='ltr'>Tabulam</span> <span class='ocrx_word' id='word_1_21' title='bbox 1353 308 1427 363; x_wconf 94' lang='lat' dir='ltr'>II.</span> 
     </span>
    </p>

    <p class='ocr_par' dir='ltr' id='par_1_4' title="bbox 209 395 2608 736">
     <span class='ocr_line' id='line_1_4' title="bbox 354 395 2607 474; baseline 0.005 -22"><span class='ocrx_word' id='word_1_22' title='bbox 354 398 575 452; x_wconf 87' lang='lat' dir='ltr'>Reditus</span> <span class='ocrx_word' id='word_1_23' title='bbox 632 395 992 450; x_wconf 89' lang='lat' dir='ltr'>beneficiorum</span> <span class='ocrx_word' id='word_1_24' title='bbox 1047 404 1167 450; x_wconf 91' lang='lat' dir='ltr'>sunt</span> <span class='ocrx_word' id='word_1_25' title='bbox 1222 397 1439 465; x_wconf 89' lang='lat' dir='ltr'>diversi;</span> <span class='ocrx_word' id='word_1_26' title='bbox 1501 417 1681 453; x_wconf 88' lang='lat' dir='ltr'>eorum</span> <span class='ocrx_word' id='word_1_27' title='bbox 1736 419 1927 473; x_wconf 88' lang='lat' dir='ltr'>magna</span> <span class='ocrx_word' id='word_1_28' title='bbox 1980 421 2100 474; x_wconf 87' lang='lat' dir='ltr'>pars</span> <span class='ocrx_word' id='word_1_29' title='bbox 2159 414 2297 462; x_wconf 89' lang='lat' dir='ltr'>certe</span> <span class='ocrx_word' id='word_1_30' title='bbox 2356 427 2607 463; x_wconf 82' lang='lat' dir='ltr'>summam</span> 
     </span>
     <span class='ocr_line' id='line_1_5' title="bbox 213 483 2607 570; baseline 0.005 -30"><span class='ocrx_word' id='word_1_31' title='bbox 213 487 426 540; x_wconf 81' lang='lat'>6—700</span> <span class='ocrx_word' id='word_1_32' title='bbox 462 487 511 540; x_wconf 92' lang='lat' dir='ltr'>fl.</span> <span class='ocrx_word' id='word_1_33' title='bbox 550 505 652 539; x_wconf 89' lang='lat' dir='ltr'>non</span> <span class='ocrx_word' id='word_1_34' title='bbox 691 483 909 551; x_wconf 83' lang='lat' dir='ltr'>excedit,</span> <span class='ocrx_word' id='word_1_35' title='bbox 955 484 1115 537; x_wconf 90' lang='lat' dir='ltr'>multa</span> <span class='ocrx_word' id='word_1_36' title='bbox 1151 503 1425 539; x_wconf 92' lang='lat' dir='ltr'>numerum</span> <span class='ocrx_word' id='word_1_37' title='bbox 1463 487 1693 540; x_wconf 85' lang='lat'>5—600·</span> <span class='ocrx_word' id='word_1_38' title='bbox 1716 507 1818 541; x_wconf 91' lang='lat' dir='ltr'>non</span> <span class='ocrx_word' id='word_1_39' title='bbox 1859 500 2176 561; x_wconf 77' lang='lat' dir='ltr'>exaequant,</span> <span class='ocrx_word' id='word_1_40' title='bbox 2214 494 2416 568; x_wconf 84' lang='lat' dir='ltr'><strong>aliquot</strong></span> <span class='ocrx_word' id='word_1_41' title='bbox 2451 515 2607 570; x_wconf 85' lang='lat' dir='ltr'>supra</span> 
     </span>
     <span class='ocr_line' id='line_1_6' title="bbox 215 573 2608 653; baseline 0.005 -25"><span class='ocrx_word' id='word_1_42' title='bbox 215 576 379 642; x_wconf 88' lang='grc'>1000,</span> <span class='ocrx_word' id='word_1_43' title='bbox 427 575 592 640; x_wconf 85' lang='grc'>1500,</span> <span class='ocrx_word' id='word_1_44' title='bbox 643 573 787 626; x_wconf 90' lang='grc'>2000</span> <span class='ocrx_word' id='word_1_45' title='bbox 823 573 872 626; x_wconf 86' lang='lat' dir='ltr'>fl.</span> <span class='ocrx_word' id='word_1_46' title='bbox 911 580 1045 626; x_wconf 92' lang='lat' dir='ltr'>sunt.</span> <span class='ocrx_word' id='word_1_47' title='bbox 1085 574 1153 626; x_wconf 90' lang='lat'>63</span> <span class='ocrx_word' id='word_1_48' title='bbox 1193 573 1359 627; x_wconf 88' lang='lat' dir='ltr'>benef.</span> <span class='ocrx_word' id='word_1_49' title='bbox 1397 592 1425 627; x_wconf 93' lang='lat' dir='ltr'>e</span> <span class='ocrx_word' id='word_1_50' title='bbox 1460 574 1622 629; x_wconf 87' lang='lat' dir='ltr'>fundo</span> <span class='ocrx_word' id='word_1_51' title='bbox 1658 575 1808 647; x_wconf 84' lang='lat' dir='ltr'>relig.</span> <span class='ocrx_word' id='word_1_52' title='bbox 1849 576 2120 645; x_wconf 89' lang='lat' dir='ltr'>dotantur,</span> <span class='ocrx_word' id='word_1_53' title='bbox 2169 580 2368 653; x_wconf 82' lang='lat' dir='ltr'>reliqua.</span> <span class='ocrx_word' id='word_1_54' title='bbox 2414 584 2608 639; x_wconf 87' lang='lat' dir='ltr'>habent</span> 
     </span>
     <span class='ocr_line' id='line_1_7' title="bbox 209 659 1992 736; baseline 0.001 -22"><span class='ocrx_word' id='word_1_55' title='bbox 209 662 344 716; x_wconf 89' lang='lat' dir='ltr'>bona</span> <span class='ocrx_word' id='word_1_56' title='bbox 382 661 588 734; x_wconf 90' lang='lat' dir='ltr'>propria</span> <span class='ocrx_word' id='word_1_57' title='bbox 627 668 678 714; x_wconf 90' lang='lat' dir='ltr'>et</span> <span class='ocrx_word' id='word_1_58' title='bbox 715 659 911 732; x_wconf 82' lang='lat' dir='ltr'><strong>aliquot</strong></span> <span class='ocrx_word' id='word_1_59' title='bbox 949 679 976 714; x_wconf 93' lang='lat' dir='ltr'>e</span> <span class='ocrx_word' id='word_1_60' title='bbox 1013 660 1174 714; x_wconf 90' lang='lat' dir='ltr'>fundo</span> <span class='ocrx_word' id='word_1_61' title='bbox 1210 660 1360 731; x_wconf 84' lang='lat' dir='ltr'>relig.</span> <span class='ocrx_word' id='word_1_62' title='bbox 1399 661 1679 715; x_wconf 86' lang='lat' dir='ltr'><strong>subsidium</strong></span> <span class='ocrx_word' id='word_1_63' title='bbox 1723 663 1992 736; x_wconf 88' lang='lat' dir='ltr'>recipiunt.</span> 
     </span>
    </p>

    <p class='ocr_par' dir='ltr' id='par_1_5' title="bbox 205 748 2604 915">
     <span class='ocr_line' id='line_1_8' title="bbox 351 748 2604 828; baseline 0.005 -27"><span class='ocrx_word' id='word_1_64' title='bbox 351 748 615 802; x_wconf 84' lang='lat' dir='ltr'>Ecclesiae</span> <span class='ocrx_word' id='word_1_65' title='bbox 677 748 913 821; x_wconf 89' lang='lat' dir='ltr'>(templa)</span> <span class='ocrx_word' id='word_1_66' title='bbox 983 748 1304 822; x_wconf 85' lang='lat' dir='ltr'>parochiales</span> <span class='ocrx_word' id='word_1_67' title='bbox 1373 748 1438 801; x_wconf 89' lang='lat' dir='ltr'>ad</span> <span class='ocrx_word' id='word_1_68' title='bbox 1503 749 1722 804; x_wconf 90' lang='lat' dir='ltr'>eundem</span> <span class='ocrx_word' id='word_1_69' title='bbox 1781 769 2054 804; x_wconf 90' lang='lat' dir='ltr'>numerum</span> <span class='ocrx_word' id='word_1_70' title='bbox 2119 755 2224 807; x_wconf 84' lang='lat'>629</span> <span class='ocrx_word' id='word_1_71' title='bbox 2286 758 2604 828; x_wconf 84' lang='lat' dir='ltr'>perveniunt.</span> 
     </span>
     <span class='ocr_line' id='line_1_9' title="bbox 205 835 2410 915; baseline 0.005 -26"><span class='ocrx_word' id='word_1_72' title='bbox 205 835 463 891; x_wconf 85' lang='lat' dir='ltr'>Numerus</span> <span class='ocrx_word' id='word_1_73' title='bbox 501 836 832 890; x_wconf 87' lang='lat' dir='ltr'>ecclesiarum</span> <span class='ocrx_word' id='word_1_74' title='bbox 869 836 1125 904; x_wconf 89' lang='lat' dir='ltr'>filialium,</span> <span class='ocrx_word' id='word_1_75' title='bbox 1164 835 1508 908; x_wconf 86' lang='lat' dir='ltr'>capellarum,</span> <span class='ocrx_word' id='word_1_76' title='bbox 1548 838 1916 907; x_wconf 88' lang='lat' dir='ltr'>oratoriorum,</span> <span class='ocrx_word' id='word_1_77' title='bbox 1957 848 2053 894; x_wconf 89' lang='lat' dir='ltr'>cet.</span> <span class='ocrx_word' id='word_1_78' title='bbox 2091 860 2193 895; x_wconf 91' lang='lat' dir='ltr'>non</span> <span class='ocrx_word' id='word_1_79' title='bbox 2233 841 2410 915; x_wconf 85' lang='lat' dir='ltr'>liquet.</span> 
     </span>
    </p>
   </div>
   <div class='ocr_carea' id='block_1_3' title="bbox 346 951 1256 1026">
    <p class='ocr_par' dir='ltr' id='par_1_6' title="bbox 346 951 1256 1026">
     <span class='ocr_line' id='line_1_10' title="bbox 346 951 1256 1026; baseline -0.001 -20"><span class='ocrx_word' id='word_1_80' title='bbox 346 953 503 1007; x_wconf 83' lang='lat' dir='ltr'><strong>VIII.</strong></span> <span class='ocrx_word' id='word_1_81' title='bbox 578 954 791 1009; x_wconf 78' lang='lat' dir='ltr'>Scholae</span> <span class='ocrx_word' id='word_1_82' title='bbox 825 955 987 1008; x_wconf 77' lang='lat' dir='ltr'>omnis</span> <span class='ocrx_word' id='word_1_83' title='bbox 1022 951 1256 1026; x_wconf 35' lang='lat' dir='ltr'>‘qeneria¹</span> 
     </span>
    </p>
   </div>
   <div class='ocr_carea' id='block_1_4' title="bbox 261 1053 2670 3401">
    <p class='ocr_par' dir='ltr' id='par_1_7' title="bbox 294 1053 2670 2616">
     <span class='ocr_line' id='line_1_11' title="bbox 294 1053 2607 1131; baseline 0.003 -21"><span class='ocrx_word' id='word_1_84' title='bbox 294 1077 337 1111; x_wconf 89' lang='lat' dir='ltr'>a.</span> <span class='ocrx_word' id='word_1_85' title='bbox 385 1058 698 1112; x_wconf 76' lang='lat' dir='ltr'>Universitas</span> <span class='ocrx_word' id='word_1_86' title='bbox 731 1057 1011 1129; x_wconf 69' lang='lat' dir='ltr'>Praqensis</span> <span class='ocrx_word' id='word_1_87' title='bbox 1048 1053 1646 1110; x_wconf 88' lang='lat' dir='ltr'>Carolo-Ferdinandea</span> <span class='ocrx_word' id='word_1_88' title='bbox 1683 1055 1898 1109; x_wconf 88' lang='lat' dir='ltr'>fundata</span> <span class='ocrx_word' id='word_1_89' title='bbox 1935 1075 1978 1109; x_wconf 89' lang='lat' dir='ltr'>a.</span> <span class='ocrx_word' id='word_1_90' title='bbox 2019 1058 2175 1127; x_wconf 86' lang='lat'>1348,</span> <span class='ocrx_word' id='word_1_91' title='bbox 2214 1061 2358 1131; x_wconf 86' lang='lat' dir='ltr'>cujus</span> <span class='ocrx_word' id='word_1_92' title='bbox 2401 1061 2607 1120; x_wconf 79' lang='lat' dir='ltr'>Cancel-</span> 
     </span>
     <span class='ocr_line' id='line_1_12' title="bbox 373 1143 2605 1218; baseline 0.003 -20"><span class='ocrx_word' id='word_1_93' title='bbox 373 1146 539 1199; x_wconf 79' lang='lat' dir='ltr'>Zarius</span> <span class='ocrx_word' id='word_1_94' title='bbox 588 1154 666 1200; x_wconf 91' lang='lat' dir='ltr'>est</span> <span class='ocrx_word' id='word_1_95' title='bbox 714 1145 1180 1218; x_wconf 85' lang='lat' dir='ltr'>Archiepiscopus3</span> <span class='ocrx_word' id='word_1_96' title='bbox 1236 1143 1362 1196; x_wconf 88' lang='lat' dir='ltr'>haec</span> <span class='ocrx_word' id='word_1_97' title='bbox 1411 1143 1636 1214; x_wconf 85' lang='lat' dir='ltr'>dignitas</span> <span class='ocrx_word' id='word_1_98' title='bbox 1685 1162 1866 1216; x_wconf 81' lang='lat' dir='ltr'>reapse</span> <span class='ocrx_word' id='word_1_99' title='bbox 1914 1144 2083 1198; x_wconf 93' lang='lat' dir='ltr'>solum</span> <span class='ocrx_word' id='word_1_100' title='bbox 2126 1147 2212 1216; x_wconf 91' lang='lat' dir='ltr'>jus</span> <span class='ocrx_word' id='word_1_101' title='bbox 2261 1147 2442 1202; x_wconf 87' lang='lat' dir='ltr'><strong>tribuit</strong></span> <span class='ocrx_word' id='word_1_102' title='bbox 2490 1169 2605 1205; x_wconf 85' lang='lat' dir='ltr'>oon-</span> 
     </span>
     <span class='ocr_line' id='line_1_13' title="bbox 371 1231 2604 1307; baseline 0.001 -22"><span class='ocrx_word' id='word_1_103' title='bbox 371 1232 568 1287; x_wconf 89' lang='lat' dir='ltr'>ferendi</span> <span class='ocrx_word' id='word_1_104' title='bbox 622 1233 945 1301; x_wconf 76' lang='lat' dir='ltr'>„licentiam“</span> <span class='ocrx_word' id='word_1_105' title='bbox 994 1233 1048 1284; x_wconf 91' lang='lat' dir='ltr'>in</span> <span class='ocrx_word' id='word_1_106' title='bbox 1084 1250 1396 1303; x_wconf 89' lang='lat' dir='ltr'>unaquaque</span> <span class='ocrx_word' id='word_1_107' title='bbox 1433 1231 1676 1285; x_wconf 88' lang='lat' dir='ltr'>facultate</span> <span class='ocrx_word' id='word_1_108' title='bbox 1717 1231 1975 1298; x_wconf 84' lang='lat' dir='ltr'>„doctoris</span> <span class='ocrx_word' id='word_1_109' title='bbox 2020 1233 2243 1303; x_wconf 88' lang='lat' dir='ltr'>gradum</span> <span class='ocrx_word' id='word_1_110' title='bbox 2291 1237 2500 1307; x_wconf 88' lang='lat' dir='ltr'>petendi</span> <span class='ocrx_word' id='word_1_111' title='bbox 2550 1247 2604 1292; x_wconf 84' lang='lat' dir='ltr'>et</span> 
     </span>
     <span class='ocr_line' id='line_1_14' title="bbox 371 1319 2603 1393; baseline 0.003 -21"><span class='ocrx_word' id='word_1_112' title='bbox 371 1319 708 1391; x_wconf 78' lang='lat' dir='ltr'>assequendi“</span> <span class='ocrx_word' id='word_1_113' title='bbox 768 1320 1080 1386; x_wconf 80' lang='lat' dir='ltr'>candidatiS,</span> <span class='ocrx_word' id='word_1_114' title='bbox 1138 1319 1227 1390; x_wconf 91' lang='lat' dir='ltr'>qui</span> <span class='ocrx_word' id='word_1_115' title='bbox 1263 1326 1467 1390; x_wconf 89' lang='lat' dir='ltr'>praeter</span> <span class='ocrx_word' id='word_1_116' title='bbox 1505 1319 1805 1372; x_wconf 89' lang='lat' dir='ltr'>candidatos</span> <span class='ocrx_word' id='word_1_117' title='bbox 1844 1319 2139 1390; x_wconf 88' lang='lat' dir='ltr'>theologiae</span> <span class='ocrx_word' id='word_1_118' title='bbox 2175 1339 2344 1393; x_wconf 88' lang='lat' dir='ltr'>neque</span> <span class='ocrx_word' id='word_1_119' title='bbox 2379 1323 2603 1383; x_wconf 82' lang='lat' dir='ltr'>interve-</span> 
     </span>
     <span class='ocr_line' id='line_1_15' title="bbox 369 1406 2670 1481; baseline 0.002 -21"><span class='ocrx_word' id='word_1_120' title='bbox 369 1409 541 1463; x_wconf 90' lang='lat' dir='ltr'>niente</span> <span class='ocrx_word' id='word_1_121' title='bbox 582 1427 676 1480; x_wconf 90' lang='lat' dir='ltr'>per</span> <span class='ocrx_word' id='word_1_122' title='bbox 718 1426 771 1461; x_wconf 91' lang='lat' dir='ltr'>se</span> <span class='ocrx_word' id='word_1_123' title='bbox 818 1416 906 1460; x_wconf 92' lang='lat' dir='ltr'>aut</span> <span class='ocrx_word' id='word_1_124' title='bbox 935 1426 1031 1481; x_wconf 91' lang='lat' dir='ltr'>per</span> <span class='ocrx_word' id='word_1_125' title='bbox 1056 1406 1431 1460; x_wconf 82' lang='lat' dir='ltr'>mandatarium</span> <span class='ocrx_word' id='word_1_126' title='bbox 1456 1424 1624 1478; x_wconf 90' lang='lat' dir='ltr'>neque</span> <span class='ocrx_word' id='word_1_127' title='bbox 1650 1406 1968 1478; x_wconf 84' lang='lat' dir='ltr'>approbante</span> <span class='ocrx_word' id='word_1_128' title='bbox 1998 1407 2275 1463; x_wconf 74' lang='lat' dir='ltr'>Ordinatio</span> <span class='ocrx_word' id='word_1_129' title='bbox 2302 1427 2333 1460; x_wconf 83' lang='lat' dir='ltr'>a</span> <span class='ocrx_word' id='word_1_130' title='bbox 2359 1409 2603 1465; x_wconf 82' lang='lat' dir='ltr'>facultate</span> <span class='ocrx_word' id='word_1_131' title='bbox 2667 1428 2670 1432; x_wconf 84' lang='lat'>·</span> 
     </span>
     <span class='ocr_line' id='line_1_16' title="bbox 366 1492 2599 1570; baseline 0.001 -21"><span class='ocrx_word' id='word_1_132' title='bbox 366 1495 648 1568; x_wconf 86' lang='lat' dir='ltr'>respectiva</span> <span class='ocrx_word' id='word_1_133' title='bbox 685 1495 893 1548; x_wconf 88' lang='lat' dir='ltr'>admissi</span> <span class='ocrx_word' id='word_1_134' title='bbox 931 1500 1064 1547; x_wconf 92' lang='lat' dir='ltr'>sunt.</span> <span class='ocrx_word' id='word_1_135' title='bbox 1150 1493 1263 1545; x_wconf 86' lang='lat' dir='ltr'>Aut</span> <span class='ocrx_word' id='word_1_136' title='bbox 1297 1492 1539 1546; x_wconf 87' lang='lat' dir='ltr'>mandato</span> <span class='ocrx_word' id='word_1_137' title='bbox 1577 1493 1810 1563; x_wconf 88' lang='lat' dir='ltr'>generali</span> <span class='ocrx_word' id='word_1_138' title='bbox 1847 1501 1936 1546; x_wconf 90' lang='lat' dir='ltr'>aut</span> <span class='ocrx_word' id='word_1_139' title='bbox 1976 1526 2042 1534; x_wconf 88' lang='lat'><strong>—</strong></span> <span class='ocrx_word' id='word_1_140' title='bbox 2081 1495 2123 1547; x_wconf 91' lang='lat' dir='ltr'>si</span> <span class='ocrx_word' id='word_1_141' title='bbox 2161 1495 2599 1570; x_wconf 86' lang='lat' dir='ltr'>Archiepiscopus</span> 
     </span>
     <span class='ocr_line' id='line_1_17' title="bbox 367 1576 2600 1656; baseline 0 -18"><span class='ocrx_word' id='word_1_142' title='bbox 367 1593 515 1638; x_wconf 88' lang='lat' dir='ltr'>extra</span> <span class='ocrx_word' id='word_1_143' title='bbox 552 1583 867 1656; x_wconf 85' lang='lat' dir='ltr'>provinciam</span> <span class='ocrx_word' id='word_1_144' title='bbox 904 1589 1133 1634; x_wconf 90' lang='lat' dir='ltr'>moratur</span> <span class='ocrx_word' id='word_1_145' title='bbox 1168 1612 1238 1620; x_wconf 85' lang='lat'>-—</span> <span class='ocrx_word' id='word_1_146' title='bbox 1275 1579 1436 1651; x_wconf 91' lang='lat' dir='ltr'>legali</span> <span class='ocrx_word' id='word_1_147' title='bbox 1472 1589 1529 1632; x_wconf 84' lang='lat' dir='ltr'>ut</span> <span class='ocrx_word' id='word_1_148' title='bbox 1576 1576 2096 1635; x_wconf 70' lang='lat' dir='ltr'>Viae-Cancellarius</span> <span class='ocrx_word' id='word_1_149' title='bbox 2134 1583 2370 1655; x_wconf 90' lang='lat' dir='ltr'>fungitur</span> <span class='ocrx_word' id='word_1_150' title='bbox 2401 1583 2600 1640; x_wconf 81' lang='lat' dir='ltr'>Rector.</span> 
     </span>
     <span class='ocr_line' id='line_1_18' title="bbox 366 1667 2601 1744; baseline -0 -19"><span class='ocrx_word' id='word_1_151' title='bbox 366 1672 432 1725; x_wconf 89' lang='lat' dir='ltr'>In</span> <span class='ocrx_word' id='word_1_152' title='bbox 480 1672 796 1744; x_wconf 87' lang='lat' dir='ltr'>professores</span> <span class='ocrx_word' id='word_1_153' title='bbox 846 1667 1159 1722; x_wconf 89' lang='lat' dir='ltr'>ordinandos</span> <span class='ocrx_word' id='word_1_154' title='bbox 1209 1667 1374 1721; x_wconf 91' lang='lat' dir='ltr'>aliave</span> <span class='ocrx_word' id='word_1_155' title='bbox 1423 1667 1771 1743; x_wconf 84' lang='lat' dir='ltr'>universitatis</span> <span class='ocrx_word' id='word_1_156' title='bbox 1822 1669 2029 1739; x_wconf 86' lang='lat' dir='ltr'>negotia</span> <span class='ocrx_word' id='word_1_157' title='bbox 2078 1671 2346 1724; x_wconf 90' lang='lat' dir='ltr'>tractanda</span> <span class='ocrx_word' id='word_1_158' title='bbox 2383 1671 2601 1730; x_wconf 71' lang='lat' dir='ltr'>Cancel-¹</span> 
     </span>
     <span class='ocr_line' id='line_1_19' title="bbox 364 1755 2597 1831; baseline 0 -19"><span class='ocrx_word' id='word_1_159' title='bbox 364 1759 523 1812; x_wconf 88' lang='lat' dir='ltr'>larius</span> <span class='ocrx_word' id='word_1_160' title='bbox 560 1759 753 1812; x_wconf 91' lang='lat' dir='ltr'>nullam</span> <span class='ocrx_word' id='word_1_161' title='bbox 795 1758 897 1810; x_wconf 87' lang='lat' dir='ltr'>vim</span> <span class='ocrx_word' id='word_1_162' title='bbox 940 1764 1163 1810; x_wconf 84' lang='lat' dir='ltr'>exercet.</span> <span class='ocrx_word' id='word_1_163' title='bbox 1237 1755 1518 1808; x_wconf 82' lang='lat' dir='ltr'>Auditores</span> <span class='ocrx_word' id='word_1_164' title='bbox 1556 1755 1729 1808; x_wconf 88' lang='lat' dir='ltr'>facult.</span> <span class='ocrx_word' id='word_1_165' title='bbox 1769 1755 1927 1809; x_wconf 92' lang='lat' dir='ltr'>theol.</span> <span class='ocrx_word' id='word_1_166' title='bbox 1967 1766 2017 1810; x_wconf 91' lang='lat' dir='ltr'>et</span> <span class='ocrx_word' id='word_1_167' title='bbox 2053 1756 2247 1810; x_wconf 87' lang='lat' dir='ltr'>alumni</span> <span class='ocrx_word' id='word_1_168' title='bbox 2284 1759 2438 1812; x_wconf 91' lang='lat' dir='ltr'>iidem</span> <span class='ocrx_word' id='word_1_169' title='bbox 2464 1767 2597 1831; x_wconf 89' lang='lat' dir='ltr'>sunt.</span> 
     </span>
     <span class='ocr_line' id='line_1_20' title="bbox 365 1842 2599 1918; baseline 0 -19"><span class='ocrx_word' id='word_1_170' title='bbox 365 1847 579 1901; x_wconf 88' lang='lat' dir='ltr'>Praeter</span> <span class='ocrx_word' id='word_1_171' title='bbox 615 1847 709 1900; x_wconf 89' lang='lat' dir='ltr'>hos</span> <span class='ocrx_word' id='word_1_172' title='bbox 748 1845 1007 1899; x_wconf 83' lang='lat' dir='ltr'>scholares</span> <span class='ocrx_word' id='word_1_173' title='bbox 1045 1843 1262 1895; x_wconf 86' lang='lat' dir='ltr'>aliarum</span> <span class='ocrx_word' id='word_1_174' title='bbox 1301 1842 1606 1895; x_wconf 83' lang='lat' dir='ltr'>facultatum</span> <span class='ocrx_word' id='word_1_175' title='bbox 1644 1843 1755 1896; x_wconf 91' lang='lat' dir='ltr'>fere</span> <span class='ocrx_word' id='word_1_176' title='bbox 1792 1862 2055 1915; x_wconf 88' lang='lat' dir='ltr'>nunquam</span> <span class='ocrx_word' id='word_1_177' title='bbox 2106 1844 2270 1898; x_wconf 89' lang='lat' dir='ltr'>ullum</span> <span class='ocrx_word' id='word_1_178' title='bbox 2320 1845 2599 1918; x_wconf 88' lang='lat' dir='ltr'>collegium</span> 
     </span>
     <span class='ocr_line' id='line_1_21' title="bbox 366 1930 2599 2008; baseline -0.001 -19"><span class='ocrx_word' id='word_1_179' title='bbox 366 1935 716 2006; x_wconf 85' lang='lat' dir='ltr'>theologicum</span> <span class='ocrx_word' id='word_1_180' title='bbox 754 1936 1110 2005; x_wconf 83' lang='lat' dir='ltr'>frequentant3</span> <span class='ocrx_word' id='word_1_181' title='bbox 1167 1939 1343 1983; x_wconf 90' lang='lat' dir='ltr'>contra</span> <span class='ocrx_word' id='word_1_182' title='bbox 1380 1930 1668 2002; x_wconf 88' lang='lat' dir='ltr'>theologiae</span> <span class='ocrx_word' id='word_1_183' title='bbox 1718 1930 1934 1984; x_wconf 88' lang='lat' dir='ltr'>studiosi</span> <span class='ocrx_word' id='word_1_184' title='bbox 1982 1939 2187 2002; x_wconf 89' lang='lat' dir='ltr'>praeter</span> <span class='ocrx_word' id='word_1_185' title='bbox 2234 1951 2392 1986; x_wconf 91' lang='lat' dir='ltr'>unum</span> <span class='ocrx_word' id='word_1_186' title='bbox 2443 1932 2599 2008; x_wconf 89' lang='lat' dir='ltr'>colle-</span> 
     </span>
     <span class='ocr_line' id='line_1_22' title="bbox 363 2007 2597 2094; baseline 0 -20"><span class='ocrx_word' id='word_1_187' title='bbox 363 2023 506 2094; x_wconf 89' lang='lat' dir='ltr'>gium</span> <span class='ocrx_word' id='word_1_188' title='bbox 548 2023 579 2075; x_wconf 88' lang='lat'><strong>3</strong></span> <span class='ocrx_word' id='word_1_189' title='bbox 619 2022 788 2075; x_wconf 87' lang='lat' dir='ltr'>horar.</span> <span class='ocrx_word' id='word_1_190' title='bbox 827 2039 921 2093; x_wconf 89' lang='lat' dir='ltr'>per</span> <span class='ocrx_word' id='word_1_191' title='bbox 959 2018 1336 2073; x_wconf 89' lang='lat' dir='ltr'>hebdomadem</span> <span class='ocrx_word' id='word_1_192' title='bbox 1372 2007 1876 2090; x_wconf 80' lang='lat' dir='ltr'>philosophicumet</span> <span class='ocrx_word' id='word_1_193' title='bbox 1915 2018 2291 2091; x_wconf 88' lang='lat' dir='ltr'>paedagogiam</span> <span class='ocrx_word' id='word_1_194' title='bbox 2338 2021 2597 2075; x_wconf 85' lang='lat' dir='ltr'>rarissime</span> 
     </span>
     <span class='ocr_line' id='line_1_23' title="bbox 366 2105 2595 2180; baseline 0 -18"><span class='ocrx_word' id='word_1_195' title='bbox 366 2119 454 2163; x_wconf 88' lang='lat' dir='ltr'>aut</span> <span class='ocrx_word' id='word_1_196' title='bbox 490 2112 596 2164; x_wconf 81' lang='lat' dir='ltr'>fere</span> <span class='ocrx_word' id='word_1_197' title='bbox 633 2128 895 2180; x_wconf 90' lang='lat' dir='ltr'>nunquam</span> <span class='ocrx_word' id='word_1_198' title='bbox 934 2108 1096 2161; x_wconf 89' lang='lat' dir='ltr'>ullum</span> <span class='ocrx_word' id='word_1_199' title='bbox 1134 2106 1520 2179; x_wconf 90' lang='lat' dir='ltr'>philosophiae,</span> <span class='ocrx_word' id='word_1_200' title='bbox 1579 2106 1845 2172; x_wconf 85' lang='lat' dir='ltr'>historiae,</span> <span class='ocrx_word' id='word_1_201' title='bbox 1896 2105 2223 2160; x_wconf 89' lang='lat' dir='ltr'>scientiarum</span> <span class='ocrx_word' id='word_1_202' title='bbox 2270 2109 2595 2178; x_wconf 86' lang='lat' dir='ltr'>naturalium,</span> 
     </span>
     <span class='ocr_line' id='line_1_24' title="bbox 356 2193 2658 2268; baseline -0 -18"><span class='ocrx_word' id='word_1_203' title='bbox 356 2197 489 2267; x_wconf 89' lang='lat' dir='ltr'>juris</span> <span class='ocrx_word' id='word_1_204' title='bbox 529 2205 620 2251; x_wconf 88' lang='lat' dir='ltr'>cet.</span> <span class='ocrx_word' id='word_1_205' title='bbox 664 2196 938 2268; x_wconf 88' lang='lat' dir='ltr'>collegium</span> <span class='ocrx_word' id='word_1_206' title='bbox 975 2195 1324 2266; x_wconf 89' lang='lat' dir='ltr'>frequentant,</span> <span class='ocrx_word' id='word_1_207' title='bbox 1362 2193 1520 2246; x_wconf 92' lang='lat' dir='ltr'>immo</span> <span class='ocrx_word' id='word_1_208' title='bbox 1559 2194 1886 2265; x_wconf 87' lang='lat' dir='ltr'>frequentare</span> <span class='ocrx_word' id='word_1_209' title='bbox 1922 2203 2150 2265; x_wconf 88' lang='lat' dir='ltr'>possunt.</span> <span class='ocrx_word' id='word_1_210' title='bbox 2221 2195 2447 2249; x_wconf 90' lang='lat' dir='ltr'>Dotatur</span> <span class='ocrx_word' id='word_1_211' title='bbox 2482 2197 2596 2251; x_wconf 90' lang='lat' dir='ltr'>uni·</span> <span class='ocrx_word' id='word_1_212' title='bbox 2654 2246 2658 2249; x_wconf 89' lang='lat'>.</span> 
     </span>
     <span class='ocr_line' id='line_1_25' title="bbox 361 2279 2594 2356; baseline 0.001 -20"><span class='ocrx_word' id='word_1_213' title='bbox 361 2285 604 2352; x_wconf 80' lang='lat' dir='ltr'>versitaS,</span> <span class='ocrx_word' id='word_1_214' title='bbox 663 2302 794 2356; x_wconf 90' lang='lat' dir='ltr'>quae</span> <span class='ocrx_word' id='word_1_215' title='bbox 842 2284 978 2337; x_wconf 83' lang='lat' dir='ltr'>bona</span> <span class='ocrx_word' id='word_1_216' title='bbox 1026 2280 1238 2353; x_wconf 88' lang='lat' dir='ltr'>propria</span> <span class='ocrx_word' id='word_1_217' title='bbox 1285 2298 1388 2333; x_wconf 93' lang='lat' dir='ltr'>non</span> <span class='ocrx_word' id='word_1_218' title='bbox 1439 2280 1596 2333; x_wconf 89' lang='lat' dir='ltr'>habet</span> <span class='ocrx_word' id='word_1_219' title='bbox 1646 2310 1712 2320; x_wconf 90' lang='lat'>-—-</span> <span class='ocrx_word' id='word_1_220' title='bbox 1763 2279 1981 2333; x_wconf 81' lang='lat' dir='ltr'>facultas</span> <span class='ocrx_word' id='word_1_221' title='bbox 2023 2281 2248 2351; x_wconf 85' lang='lat' dir='ltr'>juridica</span> <span class='ocrx_word' id='word_1_222' title='bbox 2295 2290 2347 2335; x_wconf 91' lang='lat' dir='ltr'>et</span> <span class='ocrx_word' id='word_1_223' title='bbox 2392 2283 2594 2338; x_wconf 83' lang='lat' dir='ltr'>medica</span> 
     </span>
     <span class='ocr_line' id='line_1_26' title="bbox 362 2360 2594 2443; baseline 0 -18"><span class='ocrx_word' id='word_1_224' title='bbox 362 2372 555 2425; x_wconf 89' lang='lat' dir='ltr'>habent</span> <span class='ocrx_word' id='word_1_225' title='bbox 590 2371 860 2443; x_wconf 84' lang='lat' dir='ltr'>praedium</span> <span class='ocrx_word' id='word_1_226' title='bbox 898 2389 928 2421; x_wconf 88' lang='lat' dir='ltr'>a</span> <span class='ocrx_word' id='word_1_227' title='bbox 964 2367 1218 2441; x_wconf 89' lang='lat' dir='ltr'>gubernio</span> <span class='ocrx_word' id='word_1_228' title='bbox 1271 2367 1684 2421; x_wconf 88' lang='lat' dir='ltr'>administratum</span> <span class='ocrx_word' id='word_1_229' title='bbox 1723 2399 1790 2408; x_wconf 89' lang='lat'><strong>—</strong></span> <span class='ocrx_word' id='word_1_230' title='bbox 1831 2386 1896 2421; x_wconf 89' lang='lat' dir='ltr'>ex</span> <span class='ocrx_word' id='word_1_231' title='bbox 1932 2368 2093 2423; x_wconf 89' lang='lat' dir='ltr'>fundo</span> <span class='ocrx_word' id='word_1_232' title='bbox 2142 2360 2427 2429; x_wconf 88' lang='lat' dir='ltr'>studiorum</span> <span class='ocrx_word' id='word_1_233' title='bbox 2478 2389 2594 2425; x_wconf 89' lang='lat' dir='ltr'>cum</span> 
     </span>
     <span class='ocr_line' id='line_1_27' title="bbox 360 2451 2593 2531; baseline 0 -19"><span class='ocrx_word' id='word_1_234' title='bbox 360 2479 558 2512; x_wconf 88' lang='lat' dir='ltr'>summa</span> <span class='ocrx_word' id='word_1_235' title='bbox 599 2459 824 2512; x_wconf 81' lang='lat'>149.765</span> <span class='ocrx_word' id='word_1_236' title='bbox 865 2457 1170 2531; x_wconf 84' lang='lat' dir='ltr'>(secundum</span> <span class='ocrx_word' id='word_1_237' title='bbox 1206 2451 1430 2526; x_wconf 61' lang='lat' dir='ltr'>Budget&#39;</span> <span class='ocrx_word' id='word_1_238' title='bbox 1455 2474 1499 2508; x_wconf 90' lang='lat' dir='ltr'>a.</span> <span class='ocrx_word' id='word_1_239' title='bbox 1543 2455 1731 2523; x_wconf 70' lang='lat'>1863),</span> <span class='ocrx_word' id='word_1_240' title='bbox 1770 2455 1825 2507; x_wconf 91' lang='lat' dir='ltr'>in</span> <span class='ocrx_word' id='word_1_241' title='bbox 1865 2474 1966 2526; x_wconf 88' lang='lat' dir='ltr'>qua</span> <span class='ocrx_word' id='word_1_242' title='bbox 2004 2476 2171 2510; x_wconf 75' lang='lat' dir='ltr'>omnes</span> <span class='ocrx_word' id='word_1_243' title='bbox 2208 2474 2463 2529; x_wconf 87' lang='lat' dir='ltr'>expensae</span> <span class='ocrx_word' id='word_1_244' title='bbox 2498 2475 2593 2531; x_wconf 87' lang='lat' dir='ltr'>pro</span> 
     </span>
     <span class='ocr_line' id='line_1_28' title="bbox 355 2541 2592 2616; baseline -0.001 -17"><span class='ocrx_word' id='word_1_245' title='bbox 355 2546 687 2600; x_wconf 81' lang='lat' dir='ltr'>universitate</span> <span class='ocrx_word' id='word_1_246' title='bbox 726 2553 778 2598; x_wconf 91' lang='lat' dir='ltr'>et</span> <span class='ocrx_word' id='word_1_247' title='bbox 814 2543 1058 2596; x_wconf 91' lang='lat' dir='ltr'>institutis</span> <span class='ocrx_word' id='word_1_248' title='bbox 1098 2561 1213 2594; x_wconf 91' lang='lat' dir='ltr'>cum</span> <span class='ocrx_word' id='word_1_249' title='bbox 1251 2542 1361 2613; x_wconf 88' lang='lat' dir='ltr'>ipsa</span> <span class='ocrx_word' id='word_1_250' title='bbox 1411 2541 1699 2610; x_wconf 88' lang='lat' dir='ltr'>conjunctis</span> <span class='ocrx_word' id='word_1_251' title='bbox 1750 2541 2096 2595; x_wconf 90' lang='lat' dir='ltr'>continentur.</span> <span class='ocrx_word' id='word_1_252' title='bbox 2171 2541 2450 2616; x_wconf 84' lang='lat' dir='ltr'>Expensae</span> <span class='ocrx_word' id='word_1_253' title='bbox 2498 2562 2592 2616; x_wconf 92' lang='lat' dir='ltr'>pro</span> 
     </span>
    </p>

    <p class='ocr_par' dir='ltr' id='par_1_8' title="bbox 261 2626 2588 3401">
     <span class='ocr_line' id='line_1_29' title="bbox 261 2626 2588 2703; baseline -0.001 -17"><span class='ocrx_word' id='word_1_254' title='bbox 261 2688 269 2693; x_wconf 30' lang='lat' dir='ltr'><strong><em>s</em></strong></span> <span class='ocrx_word' id='word_1_255' title='bbox 354 2634 527 2686; x_wconf 88' lang='lat' dir='ltr'>facult.</span> <span class='ocrx_word' id='word_1_256' title='bbox 566 2632 859 2703; x_wconf 90' lang='lat' dir='ltr'>theologica</span> <span class='ocrx_word' id='word_1_257' title='bbox 897 2650 963 2685; x_wconf 90' lang='lat' dir='ltr'>ex</span> <span class='ocrx_word' id='word_1_258' title='bbox 998 2630 1160 2684; x_wconf 90' lang='lat' dir='ltr'>fundo</span> <span class='ocrx_word' id='word_1_259' title='bbox 1184 2628 1455 2700; x_wconf 88' lang='lat' dir='ltr'>religionis</span> <span class='ocrx_word' id='word_1_260' title='bbox 1482 2626 1644 2681; x_wconf 87' lang='lat' dir='ltr'>fundo</span> <span class='ocrx_word' id='word_1_261' title='bbox 1670 2627 1959 2682; x_wconf 85' lang='lat' dir='ltr'>studiorum</span> <span class='ocrx_word' id='word_1_262' title='bbox 1986 2629 2337 2682; x_wconf 85' lang='lat' dir='ltr'>restituuntur.</span> <span class='ocrx_word' id='word_1_263' title='bbox 2398 2629 2588 2701; x_wconf 85' lang='lat' dir='ltr'>Itaque</span> 
     </span>
     <span class='ocr_line' id='line_1_30' title="bbox 355 2714 2587 2791; baseline -0.002 -18"><span class='ocrx_word' id='word_1_264' title='bbox 355 2739 417 2774; x_wconf 90' lang='lat' dir='ltr'>ex</span> <span class='ocrx_word' id='word_1_265' title='bbox 485 2723 690 2774; x_wconf 78' lang='lat' dir='ltr'>aerario</span> <span class='ocrx_word' id='word_1_266' title='bbox 735 2719 944 2791; x_wconf 78' lang='lat' dir='ltr'>publico</span> <span class='ocrx_word' id='word_1_267' title='bbox 1017 2749 1089 2756; x_wconf 85' lang='lat'>-—</span> <span class='ocrx_word' id='word_1_268' title='bbox 1161 2735 1285 2768; x_wconf 90' lang='lat' dir='ltr'>nam</span> <span class='ocrx_word' id='word_1_269' title='bbox 1350 2714 1543 2769; x_wconf 87' lang='lat' dir='ltr'>fundus</span> <span class='ocrx_word' id='word_1_270' title='bbox 1614 2714 1902 2768; x_wconf 89' lang='lat' dir='ltr'>studiorum</span> <span class='ocrx_word' id='word_1_271' title='bbox 1969 2715 2092 2768; x_wconf 91' lang='lat' dir='ltr'>boh.</span> <span class='ocrx_word' id='word_1_272' title='bbox 2149 2715 2304 2768; x_wconf 90' lang='lat' dir='ltr'>habet</span> <span class='ocrx_word' id='word_1_273' title='bbox 2365 2715 2587 2770; x_wconf 88' lang='lat' dir='ltr'>reditum</span> 
     </span>
     <span class='ocr_line' id='line_1_31' title="bbox 355 2801 2586 2872; baseline -0.002 -12"><span class='ocrx_word' id='word_1_274' title='bbox 355 2809 587 2861; x_wconf 81' lang='lat'>252.560</span> <span class='ocrx_word' id='word_1_275' title='bbox 622 2807 672 2860; x_wconf 90' lang='lat' dir='ltr'>fi.</span> <span class='ocrx_word' id='word_1_276' title='bbox 713 2840 781 2847; x_wconf 88' lang='lat'>-—</span> <span class='ocrx_word' id='word_1_277' title='bbox 819 2804 1028 2860; x_wconf 90' lang='lat' dir='ltr'>omnino</span> <span class='ocrx_word' id='word_1_278' title='bbox 1064 2804 1196 2857; x_wconf 74' lang='lat' dir='ltr'>nihil</span> <span class='ocrx_word' id='word_1_279' title='bbox 1231 2803 1286 2855; x_wconf 91' lang='lat' dir='ltr'>in</span> <span class='ocrx_word' id='word_1_280' title='bbox 1323 2802 1710 2855; x_wconf 87' lang='lat' dir='ltr'>universitatem</span> <span class='ocrx_word' id='word_1_281' title='bbox 1747 2801 2049 2868; x_wconf 91' lang='lat' dir='ltr'>insumitur,</span> <span class='ocrx_word' id='word_1_282' title='bbox 2107 2820 2238 2872; x_wconf 90' lang='lat' dir='ltr'>quae</span> <span class='ocrx_word' id='word_1_283' title='bbox 2289 2811 2467 2856; x_wconf 88' lang='lat' dir='ltr'>contra</span> <span class='ocrx_word' id='word_1_284' title='bbox 2517 2821 2586 2856; x_wconf 88' lang='lat' dir='ltr'>ex</span> 
     </span>
     <span class='ocr_line' id='line_1_32' title="bbox 354 2886 2587 2960; baseline -0.004 -10"><span class='ocrx_word' id='word_1_285' title='bbox 354 2897 599 2950; x_wconf 89' lang='lat' dir='ltr'>reditibus</span> <span class='ocrx_word' id='word_1_286' title='bbox 638 2896 891 2949; x_wconf 90' lang='lat' dir='ltr'>bonorum</span> <span class='ocrx_word' id='word_1_287' title='bbox 917 2891 1378 2947; x_wconf 89' lang='lat' dir='ltr'>ecclesiasticorum</span> <span class='ocrx_word' id='word_1_288' title='bbox 1404 2896 1736 2942; x_wconf 90' lang='lat' dir='ltr'>sustentatur.</span> <span class='ocrx_word' id='word_1_289' title='bbox 1799 2886 2032 2960; x_wconf 90' lang='lat' dir='ltr'>(Adsunt</span> <span class='ocrx_word' id='word_1_290' title='bbox 2058 2887 2110 2940; x_wconf 90' lang='lat' dir='ltr'>in</span> <span class='ocrx_word' id='word_1_291' title='bbox 2135 2888 2376 2943; x_wconf 86' lang='lat' dir='ltr'>facultate</span> <span class='ocrx_word' id='word_1_292' title='bbox 2413 2890 2587 2944; x_wconf 76' lang='lat' dir='ltr'>theol..-</span> 
     </span>
     <span class='ocr_line' id='line_1_33' title="bbox 355 2969 2586 3052; baseline -0.003 -15"><span class='ocrx_word' id='word_1_293' title='bbox 355 2987 386 3037; x_wconf 90' lang='lat'>6</span> <span class='ocrx_word' id='word_1_294' title='bbox 426 2983 564 3036; x_wconf 88' lang='lat' dir='ltr'>Prof.</span> <span class='ocrx_word' id='word_1_295' title='bbox 622 2982 731 3036; x_wconf 91' lang='lat' dir='ltr'>ord.</span> <span class='ocrx_word' id='word_1_296' title='bbox 789 2984 821 3034; x_wconf 88' lang='lat'>2</span> <span class='ocrx_word' id='word_1_297' title='bbox 872 2980 1114 3052; x_wconf 91' lang='lat' dir='ltr'>privatim</span> <span class='ocrx_word' id='word_1_298' title='bbox 1171 2979 1414 3032; x_wconf 86' lang='lat' dir='ltr'>docentes</span> <span class='ocrx_word' id='word_1_299' title='bbox 1471 2979 1503 3030; x_wconf 93' lang='grc'>2</span> <span class='ocrx_word' id='word_1_300' title='bbox 1565 2974 1883 3045; x_wconf 77' lang='lat' dir='ltr'>„adjuncti3“</span> <span class='ocrx_word' id='word_1_301' title='bbox 1930 2974 2103 3046; x_wconf 69' lang='lat' dir='ltr'>juo-id.</span> <span class='ocrx_word' id='word_1_302' title='bbox 2163 2977 2230 3028; x_wconf 90' lang='grc'>10</span> <span class='ocrx_word' id='word_1_303' title='bbox 2282 2975 2422 3030; x_wconf 91' lang='lat' dir='ltr'>Prof.</span> <span class='ocrx_word' id='word_1_304' title='bbox 2478 2969 2586 3030; x_wconf 83' lang='lat' dir='ltr'>ord.</span> 
     </span>
     <span class='ocr_line' id='line_1_34' title="bbox 354 3060 2585 3140; baseline -0.002 -18"><span class='ocrx_word' id='word_1_305' title='bbox 354 3071 402 3140; x_wconf 87' lang='lat'>(1</span> <span class='ocrx_word' id='word_1_306' title='bbox 449 3069 611 3122; x_wconf 89' lang='lat' dir='ltr'>acath.</span> <span class='ocrx_word' id='word_1_307' title='bbox 654 3070 676 3120; x_wconf 93' lang='lat'>1</span> <span class='ocrx_word' id='word_1_308' title='bbox 716 3068 867 3139; x_wconf 79' lang='lat' dir='ltr'>jud),</span> <span class='ocrx_word' id='word_1_309' title='bbox 907 3069 939 3120; x_wconf 92' lang='lat'>6</span> <span class='ocrx_word' id='word_1_310' title='bbox 979 3065 1255 3132; x_wconf 90' lang='lat' dir='ltr'>extraord.,</span> <span class='ocrx_word' id='word_1_311' title='bbox 1294 3067 1326 3118; x_wconf 93' lang='grc'>2</span> <span class='ocrx_word' id='word_1_312' title='bbox 1363 3063 1606 3137; x_wconf 89' lang='lat' dir='ltr'>privatim</span> <span class='ocrx_word' id='word_1_313' title='bbox 1643 3061 1910 3128; x_wconf 82' lang='lat' dir='ltr'>docentes3</span> <span class='ocrx_word' id='word_1_314' title='bbox 1948 3060 2147 3114; x_wconf 83' lang='lat' dir='ltr'>medica</span> <span class='ocrx_word' id='word_1_315' title='bbox 2189 3064 2253 3115; x_wconf 91' lang='grc'>12</span> <span class='ocrx_word' id='word_1_316' title='bbox 2279 3062 2422 3117; x_wconf 89' lang='lat' dir='ltr'>Prof.</span> <span class='ocrx_word' id='word_1_317' title='bbox 2459 3063 2585 3130; x_wconf 71' lang='lat' dir='ltr'>ord„</span> 
     </span>
     <span class='ocr_line' id='line_1_35' title="bbox 353 3147 2583 3226; baseline -0.003 -16"><span class='ocrx_word' id='word_1_318' title='bbox 353 3160 385 3210; x_wconf 89' lang='lat'>9</span> <span class='ocrx_word' id='word_1_319' title='bbox 425 3155 707 3222; x_wconf 88' lang='lat' dir='ltr'>extraord.,</span> <span class='ocrx_word' id='word_1_320' title='bbox 752 3156 818 3207; x_wconf 90' lang='grc'>14</span> <span class='ocrx_word' id='word_1_321' title='bbox 853 3155 1036 3226; x_wconf 90' lang='lat' dir='ltr'>privat.</span> <span class='ocrx_word' id='word_1_322' title='bbox 1076 3155 1188 3208; x_wconf 91' lang='lat' dir='ltr'>doc.</span> <span class='ocrx_word' id='word_1_323' title='bbox 1228 3155 1290 3221; x_wconf 85' lang='grc'>(2·</span> <span class='ocrx_word' id='word_1_324' title='bbox 1317 3153 1482 3224; x_wconf 89' lang='lat' dir='ltr'>jud.),</span> <span class='ocrx_word' id='word_1_325' title='bbox 1524 3152 1591 3204; x_wconf 88' lang='lat'>13</span> <span class='ocrx_word' id='word_1_326' title='bbox 1630 3150 1793 3202; x_wconf 89' lang='lat' dir='ltr'>assist.</span> <span class='ocrx_word' id='word_1_327' title='bbox 1833 3149 1883 3220; x_wconf 88' lang='lat'>(1</span> <span class='ocrx_word' id='word_1_328' title='bbox 1921 3147 2088 3218; x_wconf 89' lang='lat' dir='ltr'>jud.);</span> <span class='ocrx_word' id='word_1_329' title='bbox 2114 3148 2303 3219; x_wconf 76' lang='lat' dir='ltr'>philos.</span> <span class='ocrx_word' id='word_1_330' title='bbox 2346 3151 2413 3203; x_wconf 87' lang='grc'>18</span> <span class='ocrx_word' id='word_1_331' title='bbox 2443 3149 2583 3203; x_wconf 84' lang='lat' dir='ltr'>Prof.</span> 
     </span>
     <span class='ocr_line' id='line_1_36' title="bbox 355 3234 2582 3315; baseline -0.005 -17"><span class='ocrx_word' id='word_1_332' title='bbox 355 3244 463 3298; x_wconf 92' lang='lat' dir='ltr'>ord.</span> <span class='ocrx_word' id='word_1_333' title='bbox 504 3244 552 3315; x_wconf 85' lang='lat'>(1</span> <span class='ocrx_word' id='word_1_334' title='bbox 599 3242 799 3313; x_wconf 87' lang='lat' dir='ltr'>acath.),</span> <span class='ocrx_word' id='word_1_335' title='bbox 839 3244 872 3294; x_wconf 95' lang='lat'>6</span> <span class='ocrx_word' id='word_1_336' title='bbox 910 3241 1168 3295; x_wconf 89' lang='lat' dir='ltr'>extraord.</span> <span class='ocrx_word' id='word_1_337' title='bbox 1208 3242 1257 3312; x_wconf 90' lang='lat'>(1</span> <span class='ocrx_word' id='word_1_338' title='bbox 1303 3240 1466 3293; x_wconf 86' lang='lat' dir='ltr'>acath.</span> <span class='ocrx_word' id='word_1_339' title='bbox 1509 3240 1533 3291; x_wconf 92' lang='lat'><strong>1</strong></span> <span class='ocrx_word' id='word_1_340' title='bbox 1570 3238 1723 3310; x_wconf 88' lang='lat' dir='ltr'>jud.)‚</span> <span class='ocrx_word' id='word_1_341' title='bbox 1766 3239 1803 3290; x_wconf 92' lang='lat'>4</span> <span class='ocrx_word' id='word_1_342' title='bbox 1837 3235 1970 3309; x_wconf 85' lang='lat' dir='ltr'>priv.</span> <span class='ocrx_word' id='word_1_343' title='bbox 2011 3234 2151 3302; x_wconf 91' lang='lat' dir='ltr'>doc.,</span> <span class='ocrx_word' id='word_1_344' title='bbox 2191 3237 2224 3288; x_wconf 90' lang='lat'>6</span> <span class='ocrx_word' id='word_1_345' title='bbox 2266 3234 2582 3306; x_wconf 83' lang='lat' dir='ltr'>„magistri“‚</span> 
     </span>
     <span class='ocr_line' id='line_1_37' title="bbox 355 3325 1811 3401; baseline -0.003 -19"><span class='ocrx_word' id='word_1_346' title='bbox 355 3333 378 3383; x_wconf 90' lang='lat'>1</span> <span class='ocrx_word' id='word_1_347' title='bbox 424 3330 693 3401; x_wconf 88' lang='lat' dir='ltr'>adjunctus</span> <span class='ocrx_word' id='word_1_348' title='bbox 730 3328 969 3400; x_wconf 90' lang='lat' dir='ltr'>speculae</span> <span class='ocrx_word' id='word_1_349' title='bbox 1006 3327 1404 3395; x_wconf 89' lang='lat' dir='ltr'>astronomicae,</span> <span class='ocrx_word' id='word_1_350' title='bbox 1447 3327 1479 3380; x_wconf 90' lang='lat'>3</span> <span class='ocrx_word' id='word_1_351' title='bbox 1519 3325 1704 3398; x_wconf 87' lang='lat' dir='ltr'>assist.)</span> <span class='ocrx_word' id='word_1_352' title='bbox 1745 3357 1811 3364; x_wconf 91' lang='lat'>—</span> 
     </span>
    </p>
   </div>
   <div class='ocr_carea' id='block_1_5' title="bbox 263 3423 2578 3589">
    <p class='ocr_par' dir='ltr' id='par_1_9' title="bbox 263 3423 2578 3589">
     <span class='ocr_line' id='line_1_38' title="bbox 263 3423 2578 3503; baseline -0.003 -19"><span class='ocrx_word' id='word_1_353' title='bbox 263 3433 312 3485; x_wconf 93' lang='lat' dir='ltr'>b.</span> <span class='ocrx_word' id='word_1_354' title='bbox 352 3431 544 3488; x_wconf 84' lang='lat' dir='ltr'>Schola</span> <span class='ocrx_word' id='word_1_355' title='bbox 580 3429 966 3503; x_wconf 87' lang='lat' dir='ltr'>polytechnica,</span> <span class='ocrx_word' id='word_1_356' title='bbox 1006 3446 1139 3499; x_wconf 89' lang='lat' dir='ltr'>quae</span> <span class='ocrx_word' id='word_1_357' title='bbox 1175 3435 1417 3494; x_wconf 85' lang='lat' dir='ltr'>vocatur,</span> <span class='ocrx_word' id='word_1_358' title='bbox 1459 3424 1672 3478; x_wconf 87' lang='lat' dir='ltr'>fundata</span> <span class='ocrx_word' id='word_1_359' title='bbox 1707 3431 1759 3477; x_wconf 91' lang='lat' dir='ltr'>et</span> <span class='ocrx_word' id='word_1_360' title='bbox 1795 3423 1968 3478; x_wconf 86' lang='lat' dir='ltr'>dotata</span> <span class='ocrx_word' id='word_1_361' title='bbox 2005 3443 2100 3498; x_wconf 90' lang='lat' dir='ltr'>per</span> <span class='ocrx_word' id='word_1_362' title='bbox 2139 3432 2330 3492; x_wconf 83' lang='lat' dir='ltr'>„status</span> <span class='ocrx_word' id='word_1_363' title='bbox 2366 3425 2578 3496; x_wconf 81' lang='lat' dir='ltr'>regni;“</span> 
     </span>
     <span class='ocr_line' id='line_1_39' title="bbox 351 3510 2448 3589; baseline -0.004 -17"><span class='ocrx_word' id='word_1_364' title='bbox 351 3538 468 3572; x_wconf 89' lang='lat' dir='ltr'>cum</span> <span class='ocrx_word' id='word_1_365' title='bbox 507 3537 608 3589; x_wconf 86' lang='lat' dir='ltr'>qua</span> <span class='ocrx_word' id='word_1_366' title='bbox 646 3516 928 3571; x_wconf 88' lang='lat' dir='ltr'>Ordinario</span> <span class='ocrx_word' id='word_1_367' title='bbox 965 3523 1016 3570; x_wconf 92' lang='lat' dir='ltr'>et</span> <span class='ocrx_word' id='word_1_368' title='bbox 1052 3514 1312 3568; x_wconf 87' lang='lat' dir='ltr'>Ecclesiae</span> <span class='ocrx_word' id='word_1_369' title='bbox 1348 3513 1550 3566; x_wconf 91' lang='lat' dir='ltr'>nullum</span> <span class='ocrx_word' id='word_1_370' title='bbox 1587 3519 1663 3566; x_wconf 89' lang='lat' dir='ltr'>est</span> <span class='ocrx_word' id='word_1_371' title='bbox 1699 3512 2061 3565; x_wconf 89' lang='lat' dir='ltr'>commercium</span> <span class='ocrx_word' id='word_1_372' title='bbox 2097 3510 2183 3566; x_wconf 87' lang='lat' dir='ltr'>vel</span> <span class='ocrx_word' id='word_1_373' title='bbox 2217 3510 2448 3565; x_wconf 87' lang='lat' dir='ltr'>societas.</span> 
     </span>
    </p>
   </div>
   <div class='ocr_carea' id='block_1_6' title="bbox 277 3612 2576 3760">
    <p class='ocr_par' dir='ltr' id='par_1_10' title="bbox 277 3612 2576 3760">
     <span class='ocr_line' id='line_1_40' title="bbox 277 3612 2576 3692; baseline -0.003 -21"><span class='ocrx_word' id='word_1_374' title='bbox 277 3638 318 3672; x_wconf 90' lang='lat' dir='ltr'>c.</span> <span class='ocrx_word' id='word_1_375' title='bbox 361 3619 652 3692; x_wconf 74' lang='lat' dir='ltr'>Gymnasia</span> <span class='ocrx_word' id='word_1_376' title='bbox 706 3618 983 3673; x_wconf 75' lang='lat' dir='ltr'>catholica:</span> <span class='ocrx_word' id='word_1_377' title='bbox 1036 3617 1299 3690; x_wconf 88' lang='lat' dir='ltr'>superiora</span> <span class='ocrx_word' id='word_1_378' title='bbox 1347 3620 1380 3671; x_wconf 91' lang='grc'>2</span> <span class='ocrx_word' id='word_1_379' title='bbox 1431 3616 1608 3671; x_wconf 88' lang='lat' dir='ltr'>eccles.</span> <span class='ocrx_word' id='word_1_380' title='bbox 1624 3655 1638 3683; x_wconf 98' lang='lat'>,</span> <span class='ocrx_word' id='word_1_381' title='bbox 1697 3616 1730 3668; x_wconf 90' lang='lat'><strong>3</strong></span> <span class='ocrx_word' id='word_1_382' title='bbox 1782 3615 1944 3686; x_wconf 87' lang='lat' dir='ltr'>civil.,</span> <span class='ocrx_word' id='word_1_383' title='bbox 1990 3613 2232 3670; x_wconf 84' lang='lat' dir='ltr'>inferiora</span> <span class='ocrx_word' id='word_1_384' title='bbox 2286 3615 2320 3667; x_wconf 83' lang='lat'>2</span> <span class='ocrx_word' id='word_1_385' title='bbox 2370 3612 2576 3680; x_wconf 84' lang='lat' dir='ltr'>ecclcs.;</span> 
     </span>
     <span class='ocr_line' id='line_1_41' title="bbox 352 3705 1060 3760; baseline 0 -2"><span class='ocrx_word' id='word_1_386' title='bbox 352 3705 638 3759; x_wconf 87' lang='lat' dir='ltr'>acatholica</span> <span class='ocrx_word' id='word_1_387' title='bbox 675 3725 778 3759; x_wconf 91' lang='lat' dir='ltr'>non</span> <span class='ocrx_word' id='word_1_388' title='bbox 817 3707 1060 3760; x_wconf 87' lang='lat' dir='ltr'>existunt.</span> 
     </span>
    </p>
   </div>
   <div class='ocr_carea' id='block_1_7' title="bbox 266 3768 1679 3878">
    <p class='ocr_par' dir='ltr' id='par_1_11' title="bbox 266 3768 1679 3878">
     <span class='ocr_line' id='line_1_42' title="bbox 266 3768 1679 3878; baseline 0 -19"><span class='ocrx_word' id='word_1_389' title='bbox 266 3807 314 3859; x_wconf 87' lang='lat' dir='ltr'>d.</span> <span class='ocrx_word' id='word_1_390' title='bbox 355 3808 569 3862; x_wconf 77' lang='lat' dir='ltr'>Scholae</span> <span class='ocrx_word' id='word_1_391' title='bbox 604 3809 766 3863; x_wconf 80' lang='lat' dir='ltr'>reales</span> <span class='ocrx_word' id='word_1_392' title='bbox 803 3807 1107 3863; x_wconf 77' lang='lat' dir='ltr'>catholicae.-</span> <span class='ocrx_word' id='word_1_393' title='bbox 1141 3768 1434 3878; x_wconf 82' lang='lat' dir='ltr'>superiores</span> <span class='ocrx_word' id='word_1_394' title='bbox 1461 3805 1505 3858; x_wconf 61' lang='lat'>‘3</span> <span class='ocrx_word' id='word_1_395' title='bbox 1544 3803 1679 3861; x_wconf 86' lang='lat' dir='ltr'>civil.</span> 
     </span>
    </p>
   </div>
  </div>
 </body>
</html>
