2670 4126
150 122 216 163 10

289 250 337 304 3.
396 250 644 324 Episcopi
693 252 983 306 auoeiliares
1031 250 1085 303 in
1135 259 1267 323 part.
1319 253 1409 307 inf.
1465 254 1519 307 in
1570 254 1767 328 aliquot
1825 263 2023 312 tantum
2061 260 2551 318 archidioecesibus:

149 337 330 410 Pray„
374 338 629 406 Olomuc.,
680 339 883 404 Vienn.,
923 338 1141 409 Satist„
1179 339 1378 394 institui
1416 344 1736 397 consuetudo
1775 352 1866 411 est,
1908 347 2140 416 quamvis
2165 350 2396 421 profecto
2423 350 2553 405 aliae

143 425 415 494 dioeceseS,
454 426 759 498 praesertim
790 426 1103 494 bohemicae,
1144 435 1196 480 et
1220 427 1343 480 satis
1376 431 1578 502 amplae
1603 431 1721 497 sint,
1761 440 1819 483 ut
1844 432 2130 506 Episcopus
2154 455 2185 488 a
2209 435 2551 508 Suffraganeo
2599 465 2601 467 ·

141 513 426 584 adjuvetur,
467 522 520 567 et
557 513 750 567 dotatio
787 532 815 567 e
852 514 1014 569 fundo
1052 514 1202 586 relig.
1242 516 1435 588 optime
1471 518 1723 589 praestari
1760 519 1939 592 possit.

1261 746 1306 810 g.
1382 743 1431 794 s.

850 886 943 941 De
991 887 1206 942 tributis
1250 885 1445 942 eccles.
1492 893 1548 942 et
1591 886 1854 943 civilibus,

286 1083 328 1134 1.
371 1082 437 1135 In
464 1082 678 1135 Austria
715 1101 876 1135 unum
914 1091 1114 1135 tantum
1141 1083 1285 1153 viget
1318 1082 1563 1135 tributum
1587 1084 1769 1149 eccles„
1809 1084 2177 1138 alumnatieum
2206 1086 2417 1155 scilicet,
2455 1107 2552 1160 pro

137 1169 413 1223 seminario
465 1170 631 1223 cleric.
706 1170 1057 1241 Legibus-est
1106 1169 1494 1242 praescriptum,
1533 1178 1593 1223 ut
1628 1171 1898 1242 parochus,
1940 1173 2083 1242 cujus
2123 1173 2316 1227 dotatio
2352 1176 2464 1229 420
2501 1176 2551 1228 fl.

136 1276 202 1308 m.
243 1277 285 1310 a.
324 1276 427 1309 non
465 1266 686 1329 superet,
733 1260 755 1310 1
798 1257 849 1310 fl.
889 1258 1028 1328 57¹s2
1057 1257 1148 1324 kr.,
1188 1256 1422 1310 localista
1459 1265 1510 1310 et
1536 1258 1702 1310 benef.
1741 1258 1963 1329 simplex
2006 1259 2109 1312 1fl.
2151 1261 2300 1328 5kr.‚
2339 1257 2574 1334 parochi*

137 1345 341 1416 aliique,
383 1365 602 1416 quorum
639 1344 836 1397 reditus
875 1364 905 1396 a
941 1346 1050 1398 420
1087 1362 1252 1415 usque
1289 1343 1354 1396 ad
1397 1344 1536 1398 1050
1559 1346 1610 1398 fl.
1651 1353 1746 1412 est,
1791 1347 1855 1417 1βῖ
1898 1348 1981 1417 ⁰l0‚
2023 1345 2110 1417 qui
2143 1366 2301 1420 supra
2340 1350 2481 1402 1050
2499 1350 2550 1402 fl.

134 1432 339 1499 habent,
397 1434 420 1484 1
485 1434 550 1503 ⁰s0
603 1431 796 1484 reditus
852 1429 1068 1484 solvant.
1164 1431 1430 1496 Quantum
1485 1431 1566 1499 sit,
1623 1432 1761 1504 apud
1815 1451 2003 1504 paucas
2061 1433 2318 1488 dioeceses
2372 1443 2552 1490 notare

135 1537 356 1590 possum.
395 1553 464 1559 ——
504 1519 652 1584 Quae
687 1527 894 1591 praeter
943 1519 1313 1573 alumnaticum
1350 1519 1640 1585 solvuntur,
1696 1527 1933 1572 naturam
1972 1510 2262 1575 donationis
2299 1522 2382 1576 vel
2420 1522 2550 1578 elee-

135 1625 380 1676 mosynae
419 1607 625 1660 habent.

279 1740 328 1791 2.
388 1737 604 1790 Tributa
643 1737 863 1808 publica
912 1736 1076 1790 omnis
1113 1737 1319 1808 generis
1370 1744 1476 1789 tam
1515 1757 1544 1791 a
1582 1737 1898 1792 beneficiatis
1939 1757 2093 1809 quam
2144 1757 2174 1790 a
2210 1739 2357 1792 bonis
2394 1741 2550 1795 eccle-

134 1824 349 1877 siasticis
379 1824 644 1895 (fabricae)
673 1823 922 1877 solvenda
949 1833 1070 1877 sunt
1095 1833 1144 1877 et
1171 1825 1410 1896 quidem:
1450 1843 1494 1876 a.
1523 1826 1737 1897 vectiyal
1762 1846 1889 1896 ayro
1914 1827 2220 1897 impositum,
2261 1826 2310 1879 b.
2337 1828 2551 1900 vectiqal

134 1913 508 1966 habitationum
544 1912 868 1965 mercedibus
904 1912 1218 1984 impositum,
1260 1931 1300 1964 c.
1329 1912 1576 1965 tributum
1601 1913 1876 1983 quotannis
1903 1933 1968 1966 ex
1994 1933 2142 1966 censu
2170 1914 2549 1986 conferendum,

135 1999 182 2052 d.
222 2001 466 2053 tributum
504 2002 737 2073 quaestui
786 1999 917 2052 varii
971 1999 1197 2070 generis,
1253 1999 1578 2052 fabricationi
1614 2000 1971 2070 similibusque
2019 2000 2329 2072 impositum,
2386 2002 2461 2056 uti
2499 2010 2551 2056 et

134 2088 326 2140 tributa
363 2107 460 2159 pro
499 2087 651 2157 signo
690 2087 1003 2159 reipublicae
1054 2085 1345 2158 (Stempel),
1389 2086 1653 2140 indirecta.
1728 2087 2027 2158 Singulare,
2081 2088 2222 2158 quod
2259 2087 2550 2143 beneficiati

134 2183 185 2228 et
234 2176 368 2228 bona
419 2174 762 2228 ecclesiastica
811 2174 1033 2240 solvunt,
1091 2174 1342 2226 tributum
1393 2182 1484 2242 est,
1541 2175 1644 2229 loco
1695 2175 1873 2228 tributi
1922 2175 1986 2226 ab
2024 2173 2291 2227 heredibus
2325 2175 2550 2230 solvendi

136 2259 910 2334 („Gebiihren-Aequivalent“)
949 2261 1259 2334 repartitum
1299 2260 1366 2313 ad
1402 2261 1615 2333 singula
1653 2261 1918 2329 decennia,
1958 2262 2102 2332 cujus
2126 2261 2354 2316 decimae
2378 2271 2547 2335 partes

135 2349 407 2421 quotannis
446 2349 787 2403 conferendae
824 2356 958 2401 sunt.
1055 2349 1173 2402 Hoc
1210 2349 1459 2402 tributum
1510 2349 1563 2420 a)
1602 2367 1698 2421 pro
1735 2349 1884 2402 rebus
1918 2349 2550 2404 immobilibusfundatio-

133 2456 275 2503 num,
318 2437 698 2503 beneficiorum,
751 2435 1099 2504 ecclesiarum,
1152 2436 1579 2489 communitatum
1617 2434 2076 2491 ecclesiasticarum
2118 2437 2200 2509 [ut
2235 2444 2287 2490 et
2325 2436 2550 2490 saecula-

132 2523 282 2590 rium,
342 2524 696 2595 collegiorum,
753 2522 1124 2591 institutorum,
1174 2523 1590 2595 corporationum
1641 2530 1693 2575 et
1746 2523 2085 2597 societatum],
2145 2542 2364 2595 quarum
2417 2522 2545 2576 socii

133 2612 516 2664 condominium
553 2613 808 2664 bonorum
847 2611 1197 2664 communium
1234 2630 1340 2663 non
1375 2610 1588 2677 habent,
1629 2617 1707 2662 est
1736 2612 1897 2680 pretii
1933 2613 2211 2664 communis
2252 2611 2548 2674 centesimae

133 2711 306 2752 ternae
363 2700 439 2771 (3‘
459 2701 564 2771 ⁰s0),
604 2699 659 2770 b)
717 2717 810 2772 pro
849 2697 1131 2752 eorundem
1167 2698 1317 2751 rebus
1354 2698 1621 2751 mobilibus
1658 2696 1811 2768 pretii
1849 2697 2134 2750 communis
2172 2698 2466 2749 centesimae
2501 2708 2547 2750 et

133 2786 382 2839 dimidiae
432 2787 559 2858 (11s2
614 2787 721 2857 0s0).
795 2785 1015 2839 Liberae
1062 2793 1214 2838 sunt:
1272 2805 1352 2838 res
1402 2785 1607 2838 mobiles
1659 2786 1819 2838 cultui
1868 2782 2242 2850 inservienteS,
2299 2782 2544 2836 ecclesiae

133 2873 407 2944 (oratoria,
470 2872 739 2945 capellae).
845 2872 1024 2925 Liberi
1085 2880 1205 2924 sunt
1263 2872 1330 2924 ad
1390 2890 1699 2944 personam:
1774 2886 2089 2942 possessores
2158 2869 2543 2935 beneficiorum,

134 2979 353 3031 quorum
402 2960 602 3014 reditus
651 2979 809 3031 purus
860 2979 1113 3012 summam
1164 2977 1386 3011 annuam
1438 2959 1541 3011 315
1593 2957 1643 3010 fl.
1692 2977 1758 3010 m.
1797 2977 1840 3009 a.
1891 2975 1999 3009 non
2035 2963 2256 3028 superat.
2345 2955 2545 3021 Quodsi

131 3046 319 3100 fundus
360 3066 640 3118 congruam
678 3047 931 3118 suppleat,
971 3047 1035 3098 ab
1075 3065 1133 3100 eo
1158 3060 1254 3099 'res
1295 3045 1528 3116 ejusdem
1563 3043 1718 3116 pretii
1751 3043 2146 3115 (Aequivalent)
2173 3050 2251 3096 est
2277 3042 2544 3096 solvenda.

131 3134 364 3187 Pretium
414 3134 671 3187 bonorum
718 3133 1056 3187 immobilium
1107 3132 1325 3203 singulis
1379 3131 1639 3184 decenniis
1691 3130 1875 3202 elapsis
1925 3129 2226 3201 exploratur
2263 3129 2546 3200 secundum

131 3221 353 3274 reditum
381 3220 663 3273 maximum
688 3220 1077 3291 minimumque,
1119 3238 1272 3291 quem
1300 3237 1498 3290 corpu8,
1541 3217 1893 3285 communitaS,
1926 3216 2348 3285 usufructuarius,
2385 3208 2543 3268 admi-

133 3307 376 3359 nistrator
421 3308 571 3361 fateri
623 3307 802 3374 debet,
854 3307 996 3360 nullo
1036 3306 1212 3359 habitu
1249 3313 1487 3377 respectu
1516 3305 1650 3375 juris
1687 3304 1855 3371 tituli,
1908 3322 2010 3375 quo
2048 3322 2130 3357 res
2166 3301 2455 3376 possidetur
2491 3309 2542 3355 et

132 3402 299 3448 terrae
328 3395 627 3462 austriacae‚
666 3394 755 3446 ubi
781 3394 879 3446 sita
916 3401 1009 3459 est,
1048 3392 1218 3464 primo
1257 3391 1504 3444 trimestri
1541 3392 1659 3443 anni
1698 3390 1946 3462 postremi
1984 3389 2287 3444 decennium
2323 3406 2539 3458 sequens

132 3481 502 3551 praecedentis,
596 3480 684 3534 Ad
735 3480 1032 3533 solvendum
1070 3479 1168 3530 hoc
1217 3479 1470 3531 tributum
1520 3478 1737 3549 obligati
1786 3485 1905 3530 sunt
1952 3477 2206 3530 bonorum
2240 3474 2438 3530 reditus
2490 3482 2542 3526 et

136 3568 221 3637 qui
254 3569 338 3637 jus
377 3568 558 3622 utendi
594 3567 798 3620 fruendi
830 3567 1020 3619 habent
1045 3584 1140 3636 pro
1165 3573 1411 3636 tempore,
1452 3585 1554 3636 quo
1581 3564 1940 3636 possederunt.
2015 3562 2262 3628 Quodvad
2285 3560 2540 3614 rationem

133 3654 442 3708 tributorum
498 3655 821 3727 publicorum
871 3660 1166 3706 revocatum
1215 3652 1295 3704 his
1345 3652 1553 3705 additur
1599 3670 1693 3723 pro
1742 3651 1985 3723 impensis
2036 3660 2205 3706 terrae
2243 3646 2484 3720 (Laudes
2498 3647 2538 3715 ·)

136 3739 392 3794 districtus
448 3742 740 3813 (Bezirks)
798 3741 1171 3795 communitatis
1223 3738 1858 3812 (Gemeinde-Auslagen)
1909 3737 2158 3790 tributum
2209 3736 2274 3788 ab
2327 3733 2541 3788 ecclesia

136 3825 324 3880 eodum
379 3828 533 3882 modo
591 3837 667 3882 est
703 3826 1088 3882 conferendum.

2657 3589 2670 3770 .—x¹h-.m-m
2666 3553 2670 3560 .
2665 3512 2668 3515 ι
2660 3466 2665 3469 s
2663 3348 2670 3381 .r<
2664 3323 2666 3325 v
2663 3236 2670 3244 «Δ
2667 3194 2670 3196 ,
