2592 3996
799 1128 1785 1200 PRAEFA'rlo.

1127 1383 1470 1390 ---——-—-—————

270 1554 611 1611 Accuratam
658 1560 834 1612 status
882 1552 1225 1612 dioecesium
1276 1551 1490 1610 habere
1535 1529 1784 1609 «notitiam
1820 1552 2019 1610 summi
2052 1570 2183 1611 esse
2217 1550 2510 1622 momenti„

91 1657 160 1730 si„
209 1673 355 1733 quae
402 1654 533 1712 inde
582 1657 811 1713 veniant
857 1654 1174 1728 commoda5
1223 1653 1708 1727 consideraveris,
1757 1655 1937 1713 statim
1986 1653 2291 1729 intelliges.

265 1755 437 1816 Certo
487 1758 696 1815 certius
745 1763 853 1830 est„
914 1755 1172 1831 singulas
1221 1755 1520 1815 dioeceses
1570 1773 1878 1832 earumque
1935 1755 2315 1813 conditionem
2363 1755 2512 1811 inter

70 1864 171 1919 se·
201 1861 449 1925 maxime
513 1857 766 1931 differre„
841 1861 967 1918 sive
1026 1857 1289 1931 formam„
1359 1865 1419 1915 ut
1463 1859 1538 1915 ita
1586 1857 1790 1931 dicam„
1861 1859 2213 1916 exteriorem
2261 1862 2510 1934 spectes,

90 1962 215 2020 sive
285 1962 457 2038 vitam
528 1963 828 2017 internam.
947 1959 1035 2018 Ad
1105 1960 1206 2019 has
1266 1959 1628 2019 diversitates
1692 1967 1851 2018 recte
1909 1957 2320 2018 discernendas
2394 1975 2508 2014 non

89 2060 315 2134 sufficit„
356 2064 411 2119 in
459 2070 720 2139 promptu
768 2080 900 2121 esse
949 2080 1051 2121 eos
1099 2080 1393 2135 numerOS„
1439 2064 1531 2138 qui
1581 2061 1997 2139 quodammodo
2029 2063 2103 2119 ita
2139 2061 2510 2119 circumscri-

89 2162 228 2221 bunt
258 2162 581 2236 dioeceses„
630 2171 688 2220 ut
719 2162 1252 2221 mathematicorum
1288 2181 1447 2220 more
1483 2166 1735 2222 construi
1783 2165 2017 2241 possint.
2098 2162 2509 2238 Quaecumque

88 2267 145 2322 in
191 2267 368 2343 ipsam
414 2266 590 2324 vitam
623 2264 1070 2323 ecclesiasticam
1106 2267 1223 2325 vim
1267 2265 1511 2342 aliquam
1549 2272 1871 2324 exercent:
1920 2267 2081 2339 situs,
2130 2263 2328 2321 relatio
2361 2265 2510 2321 inter

92 2367 394 2426 ecclesiam
442 2375 499 2424 et
542 2365 977 2444 rempublicam7
1040 2385 1312 2426 numerus
1378 2374 1435 2424 et
1483 2368 1730 2426 conditio
1780 2367 2093 2425 incolarum
2143 2365 2212 2424 ab
2263 2365 2509 2424 ecclesia

91 2450 484 2545 separatorum
531 2470 654 2546 ipsa
701 2468 981 2544 religione
1030 2467 1337 2528 christiana
1385 2469 1482 2527 vel
1532 2469 1926 2543 confessione5
1998 2469 2204 2526 relatio
2255 2468 2509 2526 clerico-

91 2586 215 2626 rum
250 2576 307 2627 et
337 2568 689 2644 regularium
723 2571 904 2630 omnis
938 2571 1175 2645 generis
1208 2569 1277 2627 ad
1309 2560 1574 2647 populum
1610 2569 1884 2648 (laicos).5
1933 2570 2134 2628 relatio
2169 2571 2506 2627 clericorum

92 2689 264 2729 curae
313 2670 622 2728 animarum
671 2670 988 2729 deditorum
1038 2671 1108 2729 ad
1150 2690 1275 2744 eos„
1325 2674 1416 2748 qui
1451 2672 1576 2732 aliis
1607 2671 1922 2748 funguntur
1967 2671 2190 2745 officiis„
2238 2690 2510 2730 numerus

93 2779 150 2830 et
192 2771 439 2830 conditio
482 2770 891 2830 beneficiorum
939 2773 1291 2850 aliorumque
1340 2771 1681 2847 officiorum„
1723 2776 1854 2849 jura
1902 2773 2191 2831 ordinaria
2225 2772 2509 2851 quemad—

97 2872 319 2930 modum
378 2880 471 2931 aut
523 2872 830 2933 secundum
883 2875 977 2949 jus
1037 2892 1337 2933 commune
1400 2873 1584 2932 libere
1653 2882 2038 2933 exerceantur
2106 2882 2199 2932 aut
2240 2874 2511 2945 „fort-asse

93 2972 314 3047 legibus
360 2973 622 3033 civilibus
669 2975 1079 3034 consuetudine
1135 2977 1353 3036 statutis
1403 2975 1830 3053 particularibus
1894 2983 2261 3034 coarctentur
2308 2976 2404 3033 vel
2452 2977 2508 3032 in

96 3072 244 3131 facto
291 3075 612 3133 minuantur
659 3077 1030 3153 (praesertim
1078 3079 1134 3134 in
1183 3076 1515 3136 ordinandis
1563 3077 1812 3151 clericis5
1861 3076 2231 3135 conferendis
2278 3075 2510 3134 henefi-

96 3175 218 3246 ciis,
267 3174 702 3235 administranda
744 3176 1138 3252 jurisdictione
1201 3179 1615 3251 ecclesiastica„
1689 3198 1827 3237 cura
1874 3197 2069 3236 rerum
2116 3178 2507 3255 temporalium

97 3274 356 3350 gerenda
405 3277 585 3349 cet.):
633 3277 734 3336 has
780 3278 1144 3356 reliquasque
1179 3279 1457 3354 ejusmodi
1487 3298 1583 3338 res
1616 3280 1762 3337 haud
1811 3283 2084 3355 ignorare
2121 3298 2247 3337 eum
2282 3280 2508 3336 omnino

99 3384 391 3454 oportere„
462 3379 554 3453 qui
603 3377 672 3435 de
720 3387 864 3437 statu
912 3381 1219 3454 ecclesiae„
1292 3381 1468 3458 qualis
1510 3383 1566 3438 in
1626 3382 1810 3459 aliquo
1873 3383 2146 3440 consistat
2194 3380 2508 3453 territorio„

92 3477 353 3552 judicare
414 3478 591 3550 velit5
646 3481 826 3556 primo
888 3489 1110 3541 constat
1168 3490 1418 3559 aspectu.
1522 3483 1675 3541 Talis
1734 3479 1939 3541 etenim
1986 3480 2250 3559 profecto
2313 3483 2509 3539 notitia

100 3578 284 3636 solum
330 3586 386 3637 et
430 3578 623 3638 valide
669 3579 861 3654 efficit„
909 3590 988 3656 ut„
1037 3570 1314 3659 quaenam
1362 3585 1671 3661 praecipue
1707 3582 2168 3652 sint-adhibenda
2202 3582 2269 3639 ad
2304 3590 2508 3642 statum

104 3677 382 3739 dioecesis
414 3680 714 3738 meliorem
743 3681 1114 3762 reddendum,
1160 3686 1339 3761 possit
1370 3684 1676 3759 dijudicari.
1770 3684 1917 3742 Nam
1952 3686 1999 3743 si
2030 3683 2507 3759 intellexerimusq

103 3777 313 3836 bonum
373 3788 565 3839 certae
611 3782 911 3842 *dioecesis
970 3791 1172 3844 statum
1220 3784 1327 3842 dici
1376 3803 1548 3863 posse
1611 3793 1667 3843 et
1711 3786 1895 3863 qualis
1942 3788 2034 3859 sit„
2083 3788 2509 3864 comparatione

2138 3913 2168 3967 ,Γ
