<?xml version="1.0" encoding="UTF-8"?>
<!DOCTYPE html PUBLIC "-//W3C//DTD XHTML 1.0 Transitional//EN"
    "http://www.w3.org/TR/xhtml1/DTD/xhtml1-transitional.dtd">
<html xmlns="http://www.w3.org/1999/xhtml" xml:lang="en" lang="en">
 <head>
  <title>
</title>
<meta http-equiv="Content-Type" content="text/html;charset=utf-8" />
  <meta name='ocr-system' content='tesseract 3.04.00' />
  <meta name='ocr-capabilities' content='ocr_page ocr_carea ocr_par ocr_line ocrx_word'/>
</head>
<body>
  <div class='ocr_page' id='page_1' title='image "a608058900schuuoft_0082.png"; bbox 0 0 2670 4126; ppageno 0'>
   <div class='ocr_carea' id='block_1_1' title="bbox 189 158 244 197">
    <p class='ocr_par' dir='ltr' id='par_1_1' title="bbox 189 158 244 197">
     <span class='ocr_line' id='line_1_1' title="bbox 189 158 244 197; baseline 0.018 -1"><span class='ocrx_word' id='word_1_1' title='bbox 189 158 244 197; x_wconf 83' lang='lat'><strong>70</strong></span> 
     </span>
    </p>
   </div>
   <div class='ocr_carea' id='block_1_2' title="bbox 187 283 2606 1317">
    <p class='ocr_par' dir='ltr' id='par_1_2' title="bbox 187 283 2600 796">
     <span class='ocr_line' id='line_1_2' title="bbox 187 283 2598 360; baseline 0.002 -22"><span class='ocrx_word' id='word_1_2' title='bbox 187 285 437 338; x_wconf 86' lang='lat' dir='ltr'><strong>tributum</strong></span> <span class='ocrx_word' id='word_1_3' title='bbox 476 284 645 355; x_wconf 80' lang='lat' dir='ltr'><strong>viget3</strong></span> <span class='ocrx_word' id='word_1_4' title='bbox 697 285 968 336; x_wconf 89' lang='lat' dir='ltr'><strong>solvuntur</strong></span> <span class='ocrx_word' id='word_1_5' title='bbox 1007 283 1145 336; x_wconf 92' lang='lat' dir='ltr'><strong>enim</strong></span> <span class='ocrx_word' id='word_1_6' title='bbox 1183 303 1214 336; x_wconf 91' lang='lat' dir='ltr'><strong>a</strong></span> <span class='ocrx_word' id='word_1_7' title='bbox 1250 284 1594 356; x_wconf 82' lang='lat' dir='ltr'>locupletibus</span> <span class='ocrx_word' id='word_1_8' title='bbox 1633 284 1687 337; x_wconf 91' lang='lat' dir='ltr'><strong>in</strong></span> <span class='ocrx_word' id='word_1_9' title='bbox 1725 292 1841 337; x_wconf 90' lang='lat' dir='ltr'><strong>actu</strong></span> <span class='ocrx_word' id='word_1_10' title='bbox 1877 285 2120 358; x_wconf 81' lang='lat' dir='ltr'><strong>baptismi</strong></span> <span class='ocrx_word' id='word_1_11' title='bbox 2158 289 2228 356; x_wconf 86' lang='lat'><strong>5„</strong></span> <span class='ocrx_word' id='word_1_12' title='bbox 2261 286 2598 360; x_wconf 82' lang='lat' dir='ltr'><strong>copulationis</strong></span> 
     </span>
     <span class='ocr_line' id='line_1_3' title="bbox 190 369 2598 445; baseline 0.002 -20"><span class='ocrx_word' id='word_1_13' title='bbox 190 373 275 439; x_wconf 88' lang='lat'><strong>10,</strong></span> <span class='ocrx_word' id='word_1_14' title='bbox 332 372 632 445; x_wconf 85' lang='lat' dir='ltr'><strong>sepulturae</strong></span> <span class='ocrx_word' id='word_1_15' title='bbox 693 372 793 440; x_wconf 78' lang='lat' dir='ltr'><strong>11s2</strong></span> <span class='ocrx_word' id='word_1_16' title='bbox 831 369 1004 440; x_wconf 86' lang='lat' dir='ltr'><strong>grossi</strong></span> <span class='ocrx_word' id='word_1_17' title='bbox 1065 370 1199 441; x_wconf 89' lang='lat' dir='ltr'><strong>(ord.</strong></span> <span class='ocrx_word' id='word_1_18' title='bbox 1236 388 1347 441; x_wconf 87' lang='lat' dir='ltr'><strong>reg.</strong></span> <span class='ocrx_word' id='word_1_19' title='bbox 1388 371 1473 424; x_wconf 84' lang='lat'><strong>23.</strong></span> <span class='ocrx_word' id='word_1_20' title='bbox 1525 370 1676 423; x_wconf 90' lang='lat' dir='ltr'><strong>Mart.</strong></span> <span class='ocrx_word' id='word_1_21' title='bbox 1719 372 1896 443; x_wconf 84' lang='lat'><strong>1830).</strong></span> <span class='ocrx_word' id='word_1_22' title='bbox 1987 372 2041 425; x_wconf 91' lang='lat' dir='ltr'>A</span> <span class='ocrx_word' id='word_1_23' title='bbox 2096 374 2296 429; x_wconf 81' lang='lat' dir='ltr'><strong>clericis</strong></span> <span class='ocrx_word' id='word_1_24' title='bbox 2351 375 2418 428; x_wconf 88' lang='lat' dir='ltr'><strong>ad</strong></span> <span class='ocrx_word' id='word_1_25' title='bbox 2468 374 2598 430; x_wconf 77' lang='lat' dir='ltr'><strong>fines</strong></span> 
     </span>
     <span class='ocr_line' id='line_1_4' title="bbox 188 458 2598 531; baseline 0.002 -18"><span class='ocrx_word' id='word_1_26' title='bbox 188 459 466 531; x_wconf 81' lang='lat' dir='ltr'><strong>generales</strong></span> <span class='ocrx_word' id='word_1_27' title='bbox 504 460 668 512; x_wconf 87' lang='lat' dir='ltr'><strong>libere</strong></span> <span class='ocrx_word' id='word_1_28' title='bbox 709 464 879 510; x_wconf 87' lang='lat' dir='ltr'><strong>certae</strong></span> <span class='ocrx_word' id='word_1_29' title='bbox 916 476 1146 511; x_wconf 89' lang='lat' dir='ltr'><strong>summae</strong></span> <span class='ocrx_word' id='word_1_30' title='bbox 1183 476 1383 511; x_wconf 82' lang='lat' dir='ltr'><strong>annuae</strong></span> <span class='ocrx_word' id='word_1_31' title='bbox 1421 458 1623 525; x_wconf 88' lang='lat' dir='ltr'><strong>dantur,</strong></span> <span class='ocrx_word' id='word_1_32' title='bbox 1679 476 1761 512; x_wconf 86' lang='lat' dir='ltr'><strong>ex.</strong></span> <span class='ocrx_word' id='word_1_33' title='bbox 1801 478 1878 529; x_wconf 90' lang='lat' dir='ltr'><strong>gr.</strong></span> <span class='ocrx_word' id='word_1_34' title='bbox 1917 478 2011 531; x_wconf 90' lang='lat' dir='ltr'><strong>pro</strong></span> <span class='ocrx_word' id='word_1_35' title='bbox 2047 461 2213 516; x_wconf 89' lang='lat' dir='ltr'><strong>fundo</strong></span> <span class='ocrx_word' id='word_1_36' title='bbox 2239 463 2598 529; x_wconf 80' lang='lat' dir='ltr'><strong>emeritorum,</strong></span> 
     </span>
     <span class='ocr_line' id='line_1_5' title="bbox 189 544 2600 618; baseline 0.001 -17"><span class='ocrx_word' id='word_1_37' title='bbox 189 548 461 601; x_wconf 89' lang='lat' dir='ltr'><strong>seminario</strong></span> <span class='ocrx_word' id='word_1_38' title='bbox 517 563 800 617; x_wconf 89' lang='lat' dir='ltr'><strong>puerorum</strong></span> <span class='ocrx_word' id='word_1_39' title='bbox 857 553 954 597; x_wconf 90' lang='lat' dir='ltr'><strong>cet.</strong></span> <span class='ocrx_word' id='word_1_40' title='bbox 1049 544 1243 599; x_wconf 83' lang='lat' dir='ltr'><strong>Clerici</strong></span> <span class='ocrx_word' id='word_1_41' title='bbox 1301 546 1480 617; x_wconf 90' lang='lat' dir='ltr'><strong>rogari</strong></span> <span class='ocrx_word' id='word_1_42' title='bbox 1534 545 1717 612; x_wconf 83' lang='lat' dir='ltr'><strong>solent,</strong></span> <span class='ocrx_word' id='word_1_43' title='bbox 1778 555 2022 618; x_wconf 85' lang='lat' dir='ltr'><strong>quantam</strong></span> <span class='ocrx_word' id='word_1_44' title='bbox 2078 567 2328 603; x_wconf 81' lang='lat' dir='ltr'><strong>summam</strong></span> <span class='ocrx_word' id='word_1_45' title='bbox 2375 569 2600 605; x_wconf 87' lang='lat' dir='ltr'><strong>annuam</strong></span> 
     </span>
     <span class='ocr_line' id='line_1_6' title="bbox 189 632 2600 710; baseline 0.001 -22"><span class='ocrx_word' id='word_1_46' title='bbox 189 636 392 688; x_wconf 86' lang='lat' dir='ltr'><strong>solvere</strong></span> <span class='ocrx_word' id='word_1_47' title='bbox 450 633 626 687; x_wconf 91' lang='lat' dir='ltr'><strong>velint.</strong></span> <span class='ocrx_word' id='word_1_48' title='bbox 687 665 752 672; x_wconf 86' lang='lat'>—</span> <span class='ocrx_word' id='word_1_49' title='bbox 829 632 1073 687; x_wconf 80' lang='lat' dir='ltr'><strong>Collectas</strong></span> <span class='ocrx_word' id='word_1_50' title='bbox 1127 633 1195 685; x_wconf 88' lang='lat' dir='ltr'><strong>ad</strong></span> <span class='ocrx_word' id='word_1_51' title='bbox 1256 633 1384 685; x_wconf 89' lang='lat' dir='ltr'><strong>fines</strong></span> <span class='ocrx_word' id='word_1_52' title='bbox 1442 633 1812 686; x_wconf 89' lang='lat' dir='ltr'><strong>ecclesiasticos</strong></span> <span class='ocrx_word' id='word_1_53' title='bbox 1869 633 2097 693; x_wconf 81' lang='lat' dir='ltr'><strong>indicere</strong></span> <span class='ocrx_word' id='word_1_54' title='bbox 2152 636 2380 710; x_wconf 83' lang='lat' dir='ltr'><strong>episcopi</strong></span> <span class='ocrx_word' id='word_1_55' title='bbox 2435 638 2600 693; x_wconf 84' lang='lat' dir='ltr'><strong>libere</strong></span> 
     </span>
     <span class='ocr_line' id='line_1_7' title="bbox 188 729 422 796; baseline -0.004 -21"><span class='ocrx_word' id='word_1_56' title='bbox 188 729 422 796; x_wconf 86' lang='lat' dir='ltr'><strong>possunt.</strong></span> 
     </span>
    </p>

    <p class='ocr_par' dir='ltr' id='par_1_3' title="bbox 188 806 2606 1317">
     <span class='ocr_line' id='line_1_8' title="bbox 335 806 2603 884; baseline 0.003 -23"><span class='ocrx_word' id='word_1_57' title='bbox 335 811 382 862; x_wconf 83' lang='lat'><strong>2.</strong></span> <span class='ocrx_word' id='word_1_58' title='bbox 423 806 763 875; x_wconf 83' lang='lat' dir='ltr'><strong>Coemeteria,</strong></span> <span class='ocrx_word' id='word_1_59' title='bbox 817 826 968 861; x_wconf 86' lang='lat' dir='ltr'><strong>areae</strong></span> <span class='ocrx_word' id='word_1_60' title='bbox 1007 807 1157 861; x_wconf 88' lang='lat' dir='ltr'><strong>aedes</strong></span> <span class='ocrx_word' id='word_1_61' title='bbox 1207 826 1377 860; x_wconf 89' lang='lat' dir='ltr'><strong>sacras</strong></span> <span class='ocrx_word' id='word_1_62' title='bbox 1429 807 1714 879; x_wconf 83' lang='lat' dir='ltr'><strong>cingenteS,</strong></span> <span class='ocrx_word' id='word_1_63' title='bbox 1769 809 2030 878; x_wconf 88' lang='lat' dir='ltr'><strong>ecclesiae,</strong></span> <span class='ocrx_word' id='word_1_64' title='bbox 2078 810 2322 883; x_wconf 86' lang='lat' dir='ltr'><strong>capellae,</strong></span> <span class='ocrx_word' id='word_1_65' title='bbox 2373 811 2603 884; x_wconf 82' lang='lat' dir='ltr'><strong>reliquae</strong></span> 
     </span>
     <span class='ocr_line' id='line_1_9' title="bbox 189 894 2606 973; baseline 0.002 -25"><span class='ocrx_word' id='word_1_66' title='bbox 189 896 340 949; x_wconf 86' lang='lat' dir='ltr'><strong>aedes</strong></span> <span class='ocrx_word' id='word_1_67' title='bbox 379 895 444 946; x_wconf 89' lang='lat' dir='ltr'><strong>ad</strong></span> <span class='ocrx_word' id='word_1_68' title='bbox 484 894 676 948; x_wconf 90' lang='lat' dir='ltr'><strong>cultum</strong></span> <span class='ocrx_word' id='word_1_69' title='bbox 716 895 946 948; x_wconf 86' lang='lat' dir='ltr'><strong>divinum</strong></span> <span class='ocrx_word' id='word_1_70' title='bbox 985 895 1282 961; x_wconf 86' lang='lat' dir='ltr'><strong>destinatae,</strong></span> <span class='ocrx_word' id='word_1_71' title='bbox 1328 895 1494 960; x_wconf 83' lang='lat' dir='ltr'><strong>aedeS,</strong></span> <span class='ocrx_word' id='word_1_72' title='bbox 1535 915 1667 967; x_wconf 88' lang='lat' dir='ltr'><strong>quae</strong></span> <span class='ocrx_word' id='word_1_73' title='bbox 1704 896 1770 948; x_wconf 87' lang='lat' dir='ltr'><strong>ad</strong></span> <span class='ocrx_word' id='word_1_74' title='bbox 1807 896 2148 973; x_wconf 87' lang='lat' dir='ltr'><strong>ministerium</strong></span> <span class='ocrx_word' id='word_1_75' title='bbox 2175 899 2440 971; x_wconf 88' lang='lat' dir='ltr'><strong>pertinent</strong></span> <span class='ocrx_word' id='word_1_76' title='bbox 2475 899 2606 972; x_wconf 83' lang='lat' dir='ltr'><strong>epis-</strong></span> 
     </span>
     <span class='ocr_line' id='line_1_10' title="bbox 191 982 2606 1055; baseline 0.002 -19"><span class='ocrx_word' id='word_1_77' title='bbox 191 1002 454 1055; x_wconf 90' lang='lat' dir='ltr'><strong>coporum,</strong></span> <span class='ocrx_word' id='word_1_78' title='bbox 485 983 864 1050; x_wconf 83' lang='lat' dir='ltr'><strong>canonicorum,</strong></span> <span class='ocrx_word' id='word_1_79' title='bbox 891 982 1217 1054; x_wconf 51' lang='lat' dir='ltr'><strong>sacerdoltum</strong></span> <span class='ocrx_word' id='word_1_80' title='bbox 1243 992 1556 1050; x_wconf 87' lang='lat' dir='ltr'><strong>curatorum,</strong></span> <span class='ocrx_word' id='word_1_81' title='bbox 1595 984 1989 1038; x_wconf 87' lang='lat' dir='ltr'><strong>seminariorum</strong></span> <span class='ocrx_word' id='word_1_82' title='bbox 2019 986 2188 1053; x_wconf 80' lang='lat' dir='ltr'><strong>aedeS,</strong></span> <span class='ocrx_word' id='word_1_83' title='bbox 2218 988 2353 1041; x_wconf 91' lang='lat' dir='ltr'><strong>bona</strong></span> <span class='ocrx_word' id='word_1_84' title='bbox 2379 986 2606 1040; x_wconf 83' lang='lat' dir='ltr'><strong>fabricae</strong></span> 
     </span>
     <span class='ocr_line' id='line_1_11' title="bbox 188 1069 2605 1143; baseline 0.002 -21"><span class='ocrx_word' id='word_1_85' title='bbox 188 1070 456 1142; x_wconf 86' lang='lat' dir='ltr'><strong>vectigalis</strong></span> <span class='ocrx_word' id='word_1_86' title='bbox 514 1089 642 1140; x_wconf 86' lang='lat' dir='ltr'><strong>agro</strong></span> <span class='ocrx_word' id='word_1_87' title='bbox 698 1070 923 1142; x_wconf 88' lang='lat' dir='ltr'><strong>impositi</strong></span> <span class='ocrx_word' id='word_1_88' title='bbox 977 1077 1098 1122; x_wconf 91' lang='lat' dir='ltr'><strong>sunt</strong></span> <span class='ocrx_word' id='word_1_89' title='bbox 1151 1069 1424 1124; x_wconf 79' lang='lat' dir='ltr'><strong>immunes,</strong></span> <span class='ocrx_word' id='word_1_90' title='bbox 1515 1070 1745 1139; x_wconf 78' lang='lat' dir='ltr'><strong>Reditus,</strong></span> <span class='ocrx_word' id='word_1_91' title='bbox 1804 1091 1958 1143; x_wconf 89' lang='lat' dir='ltr'><strong>quem</strong></span> <span class='ocrx_word' id='word_1_92' title='bbox 2015 1074 2213 1126; x_wconf 89' lang='lat' dir='ltr'><strong>clericis</strong></span> <span class='ocrx_word' id='word_1_93' title='bbox 2265 1093 2452 1128; x_wconf 89' lang='lat' dir='ltr'><strong>munus</strong></span> <span class='ocrx_word' id='word_1_94' title='bbox 2502 1073 2605 1142; x_wconf 85' lang='lat' dir='ltr'><strong>dat,</strong></span> 
     </span>
     <span class='ocr_line' id='line_1_12' title="bbox 190 1157 2606 1233; baseline 0.002 -23"><span class='ocrx_word' id='word_1_95' title='bbox 190 1158 369 1211; x_wconf 87' lang='lat' dir='ltr'><strong>eodem</strong></span> <span class='ocrx_word' id='word_1_96' title='bbox 434 1158 587 1211; x_wconf 90' lang='lat' dir='ltr'><strong>modo</strong></span> <span class='ocrx_word' id='word_1_97' title='bbox 643 1157 823 1210; x_wconf 88' lang='lat' dir='ltr'><strong>tributi</strong></span> <span class='ocrx_word' id='word_1_98' title='bbox 861 1175 927 1210; x_wconf 90' lang='lat' dir='ltr'><strong>ex</strong></span> <span class='ocrx_word' id='word_1_99' title='bbox 966 1176 1121 1210; x_wconf 87' lang='lat' dir='ltr'><strong>censu</strong></span> <span class='ocrx_word' id='word_1_100' title='bbox 1177 1157 1475 1211; x_wconf 89' lang='lat' dir='ltr'><strong>conferendi</strong></span> <span class='ocrx_word' id='word_1_101' title='bbox 1515 1159 1849 1212; x_wconf 86' lang='lat' dir='ltr'><strong>communalis</strong></span> <span class='ocrx_word' id='word_1_102' title='bbox 1907 1170 1984 1212; x_wconf 88' lang='lat' dir='ltr'><strong>est</strong></span> <span class='ocrx_word' id='word_1_103' title='bbox 2036 1160 2296 1215; x_wconf 89' lang='lat' dir='ltr'><strong>immunis.</strong></span> <span class='ocrx_word' id='word_1_104' title='bbox 2381 1161 2606 1233; x_wconf 84' lang='lat' dir='ltr'><strong>Reliqua</strong></span> 
     </span>
     <span class='ocr_line' id='line_1_13' title="bbox 190 1244 2115 1317; baseline 0.002 -19"><span class='ocrx_word' id='word_1_105' title='bbox 190 1246 384 1299; x_wconf 89' lang='lat' dir='ltr'><strong>tributa</strong></span> <span class='ocrx_word' id='word_1_106' title='bbox 422 1248 487 1300; x_wconf 91' lang='lat' dir='ltr'><strong>ab</strong></span> <span class='ocrx_word' id='word_1_107' title='bbox 528 1245 744 1300; x_wconf 90' lang='lat' dir='ltr'><strong>ecclesia</strong></span> <span class='ocrx_word' id='word_1_108' title='bbox 781 1253 902 1298; x_wconf 91' lang='lat' dir='ltr'><strong>sunt</strong></span> <span class='ocrx_word' id='word_1_109' title='bbox 939 1244 1204 1312; x_wconf 84' lang='lat' dir='ltr'><strong>solvenda,</strong></span> <span class='ocrx_word' id='word_1_110' title='bbox 1243 1245 1529 1317; x_wconf 86' lang='lat' dir='ltr'><strong>singularia</strong></span> <span class='ocrx_word' id='word_1_111' title='bbox 1564 1265 1690 1301; x_wconf 87' lang='lat' dir='ltr'><strong>vero</strong></span> <span class='ocrx_word' id='word_1_112' title='bbox 1730 1265 1832 1299; x_wconf 91' lang='lat' dir='ltr'><strong>non</strong></span> <span class='ocrx_word' id='word_1_113' title='bbox 1873 1247 2115 1301; x_wconf 80' lang='lat' dir='ltr'><strong>existunt.</strong></span> 
     </span>
    </p>
   </div>
   <div class='ocr_carea' id='block_1_3' title="bbox 1302 1406 1507 1473">
    <p class='ocr_par' dir='ltr' id='par_1_4' title="bbox 1302 1406 1507 1473">
     <span class='ocr_line' id='line_1_14' title="bbox 1302 1406 1507 1473; baseline 0.015 -16"><span class='ocrx_word' id='word_1_114' title='bbox 1302 1410 1346 1473; x_wconf 71' lang='lat'><strong>§—</strong></span> <span class='ocrx_word' id='word_1_115' title='bbox 1421 1406 1507 1460; x_wconf 88' lang='lat'><strong>49.</strong></span> 
     </span>
    </p>
   </div>
   <div class='ocr_carea' id='block_1_4' title="bbox 300 1526 2495 1600">
    <p class='ocr_par' dir='ltr' id='par_1_5' title="bbox 300 1526 2495 1600">
     <span class='ocr_line' id='line_1_15' title="bbox 300 1526 2495 1600; baseline 0.002 -17"><span class='ocrx_word' id='word_1_116' title='bbox 300 1528 394 1583; x_wconf 83' lang='lat' dir='ltr'><strong>De</strong></span> <span class='ocrx_word' id='word_1_117' title='bbox 436 1528 629 1600; x_wconf 77' lang='lat' dir='ltr'><strong>fundis</strong></span> <span class='ocrx_word' id='word_1_118' title='bbox 670 1526 1017 1596; x_wconf 73' lang='lat' dir='ltr'><strong>yeneralibus</strong></span> <span class='ocrx_word' id='word_1_119' title='bbox 1063 1535 1118 1583; x_wconf 82' lang='lat' dir='ltr'><strong>et</strong></span> <span class='ocrx_word' id='word_1_120' title='bbox 1162 1529 1423 1584; x_wconf 81' lang='lat' dir='ltr'><strong>bonorum</strong></span> <span class='ocrx_word' id='word_1_121' title='bbox 1468 1528 1970 1585; x_wconf 76' lang='lat' dir='ltr'><strong>ecclesiasticorum</strong></span> <span class='ocrx_word' id='word_1_122' title='bbox 2014 1530 2495 1587; x_wconf 68' lang='lat' dir='ltr'><strong>administratione.</strong></span> 
     </span>
    </p>
   </div>
   <div class='ocr_carea' id='block_1_5' title="bbox 188 1680 2612 2718">
    <p class='ocr_par' dir='ltr' id='par_1_6' title="bbox 194 1680 2607 2019">
     <span class='ocr_line' id='line_1_16' title="bbox 343 1680 2607 1755; baseline 0.001 -21"><span class='ocrx_word' id='word_1_123' title='bbox 343 1684 385 1734; x_wconf 88' lang='lat'><strong>1.</strong></span> <span class='ocrx_word' id='word_1_124' title='bbox 441 1680 658 1734; x_wconf 84' lang='lat' dir='ltr'><strong>Fundus</strong></span> <span class='ocrx_word' id='word_1_125' title='bbox 714 1681 973 1752; x_wconf 89' lang='lat' dir='ltr'><strong>generalis</strong></span> <span class='ocrx_word' id='word_1_126' title='bbox 1032 1682 1170 1753; x_wconf 88' lang='lat' dir='ltr'><strong>(vide</strong></span> <span class='ocrx_word' id='word_1_127' title='bbox 1208 1687 1253 1751; x_wconf 68' lang='grc' dir='ltr'><strong>ξ.</strong></span> <span class='ocrx_word' id='word_1_128' title='bbox 1293 1683 1365 1752; x_wconf 90' lang='grc'><strong>9.)</strong></span> <span class='ocrx_word' id='word_1_129' title='bbox 1421 1700 1594 1753; x_wconf 89' lang='lat' dir='ltr'><strong>neque</strong></span> <span class='ocrx_word' id='word_1_130' title='bbox 1645 1702 1742 1755; x_wconf 88' lang='lat' dir='ltr'><strong>pro</strong></span> <span class='ocrx_word' id='word_1_131' title='bbox 1799 1701 1967 1752; x_wconf 88' lang='lat' dir='ltr'><strong>regno</strong></span> <span class='ocrx_word' id='word_1_132' title='bbox 2018 1702 2187 1754; x_wconf 87' lang='lat' dir='ltr'><strong>neque</strong></span> <span class='ocrx_word' id='word_1_133' title='bbox 2235 1702 2331 1755; x_wconf 87' lang='lat' dir='ltr'><strong>pro</strong></span> <span class='ocrx_word' id='word_1_134' title='bbox 2388 1682 2607 1754; x_wconf 86' lang='lat' dir='ltr'><strong>singulis</strong></span> 
     </span>
     <span class='ocr_line' id='line_1_17' title="bbox 194 1768 2607 1841; baseline 0.001 -19"><span class='ocrx_word' id='word_1_135' title='bbox 194 1768 369 1822; x_wconf 81' lang='lat' dir='ltr'><strong>existit</strong></span> <span class='ocrx_word' id='word_1_136' title='bbox 408 1769 702 1840; x_wconf 81' lang='lat' dir='ltr'><strong>provinciis,</strong></span> <span class='ocrx_word' id='word_1_137' title='bbox 776 1770 991 1823; x_wconf 81' lang='lat' dir='ltr'><strong>Recenti</strong></span> <span class='ocrx_word' id='word_1_138' title='bbox 1039 1788 1161 1824; x_wconf 87' lang='lat' dir='ltr'><strong>vero</strong></span> <span class='ocrx_word' id='word_1_139' title='bbox 1200 1778 1429 1841; x_wconf 91' lang='lat' dir='ltr'><strong>tempore</strong></span> <span class='ocrx_word' id='word_1_140' title='bbox 1465 1769 1520 1821; x_wconf 89' lang='lat' dir='ltr'><strong>in</strong></span> <span class='ocrx_word' id='word_1_141' title='bbox 1570 1769 1791 1841; x_wconf 90' lang='lat' dir='ltr'><strong>singulis</strong></span> <span class='ocrx_word' id='word_1_142' title='bbox 1831 1770 2148 1823; x_wconf 90' lang='lat' dir='ltr'><strong>dioecesibus</strong></span> <span class='ocrx_word' id='word_1_143' title='bbox 2198 1771 2391 1824; x_wconf 86' lang='lat' dir='ltr'><strong>fundus</strong></span> <span class='ocrx_word' id='word_1_144' title='bbox 2430 1769 2607 1841; x_wconf 83' lang='lat' dir='ltr'><strong>colligi</strong></span> 
     </span>
     <span class='ocr_line' id='line_1_18' title="bbox 195 1857 2606 1930; baseline 0.001 -22"><span class='ocrx_word' id='word_1_145' title='bbox 195 1864 407 1928; x_wconf 89' lang='lat' dir='ltr'><strong>coeptus</strong></span> <span class='ocrx_word' id='word_1_146' title='bbox 463 1866 540 1910; x_wconf 90' lang='lat' dir='ltr'><strong>est</strong></span> <span class='ocrx_word' id='word_1_147' title='bbox 593 1875 659 1909; x_wconf 89' lang='lat' dir='ltr'><strong>ex</strong></span> <span class='ocrx_word' id='word_1_148' title='bbox 719 1857 874 1910; x_wconf 88' lang='lat' dir='ltr'><strong>variis</strong></span> <span class='ocrx_word' id='word_1_149' title='bbox 932 1858 1198 1926; x_wconf 80' lang='lat' dir='ltr'><strong>reditibus,</strong></span> <span class='ocrx_word' id='word_1_150' title='bbox 1260 1876 1289 1911; x_wconf 92' lang='lat' dir='ltr'><strong>e</strong></span> <span class='ocrx_word' id='word_1_151' title='bbox 1340 1877 1443 1929; x_wconf 85' lang='lat' dir='ltr'><strong>quo</strong></span> <span class='ocrx_word' id='word_1_152' title='bbox 1482 1877 1737 1930; x_wconf 85' lang='lat' dir='ltr'><strong>expensae</strong></span> <span class='ocrx_word' id='word_1_153' title='bbox 1786 1859 2036 1925; x_wconf 89' lang='lat' dir='ltr'><strong>feruntur,</strong></span> <span class='ocrx_word' id='word_1_154' title='bbox 2094 1858 2159 1911; x_wconf 90' lang='lat' dir='ltr'><strong>ad</strong></span> <span class='ocrx_word' id='word_1_155' title='bbox 2197 1879 2325 1930; x_wconf 90' lang='lat' dir='ltr'><strong>quas</strong></span> <span class='ocrx_word' id='word_1_156' title='bbox 2363 1857 2606 1912; x_wconf 87' lang='lat' dir='ltr'><strong>ferendas</strong></span> 
     </span>
     <span class='ocr_line' id='line_1_19' title="bbox 194 1945 1914 2019; baseline 0.001 -22"><span class='ocrx_word' id='word_1_157' title='bbox 194 1962 364 2015; x_wconf 83' lang='lat' dir='ltr'><strong>neque</strong></span> <span class='ocrx_word' id='word_1_158' title='bbox 402 1945 639 2016; x_wconf 88' lang='lat' dir='ltr'><strong>specialis</strong></span> <span class='ocrx_word' id='word_1_159' title='bbox 677 1946 867 2000; x_wconf 83' lang='lat' dir='ltr'><strong>fundus</strong></span> <span class='ocrx_word' id='word_1_160' title='bbox 905 1947 1095 2014; x_wconf 81' lang='lat' dir='ltr'><strong>existit,</strong></span> <span class='ocrx_word' id='word_1_161' title='bbox 1135 1965 1302 2019; x_wconf 90' lang='lat' dir='ltr'><strong>neque</strong></span> <span class='ocrx_word' id='word_1_162' title='bbox 1339 1946 1476 2000; x_wconf 86' lang='lat' dir='ltr'><strong>ullus</strong></span> <span class='ocrx_word' id='word_1_163' title='bbox 1517 1946 1780 2017; x_wconf 88' lang='lat' dir='ltr'><strong>obligatus</strong></span> <span class='ocrx_word' id='word_1_164' title='bbox 1821 1955 1914 2000; x_wconf 88' lang='lat' dir='ltr'><strong>est.</strong></span> 
     </span>
    </p>

    <p class='ocr_par' dir='ltr' id='par_1_7' title="bbox 188 2031 2612 2718">
     <span class='ocr_line' id='line_1_20' title="bbox 340 2031 2607 2106; baseline 0 -21"><span class='ocrx_word' id='word_1_165' title='bbox 340 2034 389 2085; x_wconf 83' lang='lat'><strong>2.</strong></span> <span class='ocrx_word' id='word_1_166' title='bbox 446 2031 713 2086; x_wconf 74' lang='lat' dir='ltr'><strong>Bonorum</strong></span> <span class='ocrx_word' id='word_1_167' title='bbox 764 2033 1144 2088; x_wconf 76' lang='lat' dir='ltr'><strong>administratio</strong></span> <span class='ocrx_word' id='word_1_168' title='bbox 1201 2053 1266 2087; x_wconf 89' lang='lat' dir='ltr'><strong>ex</strong></span> <span class='ocrx_word' id='word_1_169' title='bbox 1320 2034 1442 2104; x_wconf 88' lang='lat' dir='ltr'><strong>lege</strong></span> <span class='ocrx_word' id='word_1_170' title='bbox 1497 2033 1868 2087; x_wconf 86' lang='lat' dir='ltr'><strong>fundamentali</strong></span> <span class='ocrx_word' id='word_1_171' title='bbox 1926 2034 2068 2106; x_wconf 92' lang='lat' dir='ltr'><strong>(vide</strong></span> <span class='ocrx_word' id='word_1_172' title='bbox 2118 2039 2163 2103; x_wconf 66' lang='lat' dir='ltr'><strong>g.</strong></span> <span class='ocrx_word' id='word_1_173' title='bbox 2212 2037 2299 2088; x_wconf 88' lang='lat'><strong>46.</strong></span> <span class='ocrx_word' id='word_1_174' title='bbox 2355 2053 2495 2087; x_wconf 90' lang='lat' dir='ltr'><strong>num.</strong></span> <span class='ocrx_word' id='word_1_175' title='bbox 2533 2035 2607 2105; x_wconf 88' lang='lat'><strong>4.)</strong></span> 
     </span>
     <span class='ocr_line' id='line_1_21' title="bbox 195 2118 2610 2194; baseline 0.001 -24"><span class='ocrx_word' id='word_1_176' title='bbox 195 2118 404 2172; x_wconf 90' lang='lat' dir='ltr'><strong>omnino</strong></span> <span class='ocrx_word' id='word_1_177' title='bbox 463 2128 539 2172; x_wconf 89' lang='lat' dir='ltr'><strong>est</strong></span> <span class='ocrx_word' id='word_1_178' title='bbox 593 2120 771 2188; x_wconf 89' lang='lat' dir='ltr'><strong>libera,</strong></span> <span class='ocrx_word' id='word_1_179' title='bbox 829 2121 984 2174; x_wconf 89' lang='lat' dir='ltr'><strong>nullis</strong></span> <span class='ocrx_word' id='word_1_180' title='bbox 1033 2122 1146 2174; x_wconf 89' lang='lat' dir='ltr'><strong>aliis</strong></span> <span class='ocrx_word' id='word_1_181' title='bbox 1186 2122 1284 2174; x_wconf 90' lang='lat' dir='ltr'><strong>nisi</strong></span> <span class='ocrx_word' id='word_1_182' title='bbox 1319 2122 1479 2193; x_wconf 89' lang='lat' dir='ltr'><strong>ipsius</strong></span> <span class='ocrx_word' id='word_1_183' title='bbox 1520 2122 1764 2176; x_wconf 86' lang='lat' dir='ltr'><strong>ecclesiae</strong></span> <span class='ocrx_word' id='word_1_184' title='bbox 1801 2121 2004 2193; x_wconf 89' lang='lat' dir='ltr'><strong>legibus</strong></span> <span class='ocrx_word' id='word_1_185' title='bbox 2041 2122 2202 2174; x_wconf 87' lang='lat' dir='ltr'><strong>finita.</strong></span> <span class='ocrx_word' id='word_1_186' title='bbox 2291 2120 2610 2194; x_wconf 85' lang='lat' dir='ltr'><strong>Respublica</strong></span> 
     </span>
     <span class='ocr_line' id='line_1_22' title="bbox 196 2206 2607 2281; baseline 0.001 -24"><span class='ocrx_word' id='word_1_187' title='bbox 196 2206 396 2258; x_wconf 88' lang='lat' dir='ltr'><strong>nullum</strong></span> <span class='ocrx_word' id='word_1_188' title='bbox 437 2207 576 2260; x_wconf 89' lang='lat' dir='ltr'><strong>aliud</strong></span> <span class='ocrx_word' id='word_1_189' title='bbox 616 2217 823 2262; x_wconf 80' lang='lat' dir='ltr'><strong>exercet</strong></span> <span class='ocrx_word' id='word_1_190' title='bbox 853 2210 956 2279; x_wconf 82' lang='lat' dir='ltr'><strong>juS,</strong></span> <span class='ocrx_word' id='word_1_191' title='bbox 1008 2210 1108 2262; x_wconf 89' lang='lat' dir='ltr'><strong>nisi</strong></span> <span class='ocrx_word' id='word_1_192' title='bbox 1147 2209 1285 2280; x_wconf 89' lang='lat' dir='ltr'><strong>quod</strong></span> <span class='ocrx_word' id='word_1_193' title='bbox 1322 2226 1389 2261; x_wconf 88' lang='lat' dir='ltr'><strong>ex</strong></span> <span class='ocrx_word' id='word_1_194' title='bbox 1427 2208 1575 2262; x_wconf 88' lang='lat' dir='ltr'><strong>titulo</strong></span> <span class='ocrx_word' id='word_1_195' title='bbox 1613 2208 1823 2281; x_wconf 89' lang='lat' dir='ltr'><strong>speciali</strong></span> <span class='ocrx_word' id='word_1_196' title='bbox 1861 2210 1963 2280; x_wconf 89' lang='lat' dir='ltr'><strong>(ex.</strong></span> <span class='ocrx_word' id='word_1_197' title='bbox 2003 2228 2082 2280; x_wconf 86' lang='lat' dir='ltr'><strong>gr.</strong></span> <span class='ocrx_word' id='word_1_198' title='bbox 2126 2209 2248 2278; x_wconf 90' lang='lat' dir='ltr'><strong>jure</strong></span> <span class='ocrx_word' id='word_1_199' title='bbox 2284 2209 2607 2280; x_wconf 87' lang='lat' dir='ltr'><strong>patronatus)</strong></span> 
     </span>
     <span class='ocr_line' id='line_1_23' title="bbox 191 2293 2608 2368; baseline 0.001 -23"><span class='ocrx_word' id='word_1_200' title='bbox 191 2293 437 2365; x_wconf 85' lang='lat' dir='ltr'><strong>possidet.</strong></span> <span class='ocrx_word' id='word_1_201' title='bbox 512 2294 686 2347; x_wconf 84' lang='lat' dir='ltr'><strong>Etiam</strong></span> <span class='ocrx_word' id='word_1_202' title='bbox 722 2296 930 2368; x_wconf 89' lang='lat' dir='ltr'><strong>patroni</strong></span> <span class='ocrx_word' id='word_1_203' title='bbox 968 2297 1157 2367; x_wconf 86' lang='lat' dir='ltr'><strong>privati</strong></span> <span class='ocrx_word' id='word_1_204' title='bbox 1194 2296 1255 2348; x_wconf 90' lang='lat' dir='ltr'><strong>iis</strong></span> <span class='ocrx_word' id='word_1_205' title='bbox 1281 2304 1485 2349; x_wconf 87' lang='lat' dir='ltr'><strong>tantum</strong></span> <span class='ocrx_word' id='word_1_206' title='bbox 1518 2296 1722 2366; x_wconf 88' lang='lat' dir='ltr'><strong>juribus</strong></span> <span class='ocrx_word' id='word_1_207' title='bbox 1762 2296 2016 2362; x_wconf 67' lang='lat' dir='ltr'><strong>fruuntur,</strong></span> <span class='ocrx_word' id='word_1_208' title='bbox 2068 2315 2199 2367; x_wconf 89' lang='lat' dir='ltr'><strong>quae</strong></span> <span class='ocrx_word' id='word_1_209' title='bbox 2236 2294 2608 2368; x_wconf 85' lang='lat' dir='ltr'><strong>dispositiones</strong></span> 
     </span>
     <span class='ocr_line' id='line_1_24' title="bbox 188 2381 2611 2454; baseline -0.001 -18"><span class='ocrx_word' id='word_1_210' title='bbox 188 2385 319 2454; x_wconf 89' lang='lat' dir='ltr'><strong>juris</strong></span> <span class='ocrx_word' id='word_1_211' title='bbox 375 2385 709 2438; x_wconf 86' lang='lat' dir='ltr'><strong>ecclesiastici</strong></span> <span class='ocrx_word' id='word_1_212' title='bbox 763 2388 1011 2440; x_wconf 90' lang='lat' dir='ltr'><strong>tribuunt.</strong></span> <span class='ocrx_word' id='word_1_213' title='bbox 1102 2386 1553 2440; x_wconf 83' lang='lat' dir='ltr'><strong>Administrantur</strong></span> <span class='ocrx_word' id='word_1_214' title='bbox 1602 2387 1740 2438; x_wconf 90' lang='lat' dir='ltr'><strong>bona</strong></span> <span class='ocrx_word' id='word_1_215' title='bbox 1789 2383 2122 2436; x_wconf 90' lang='lat' dir='ltr'><strong>ecclesiarum</strong></span> <span class='ocrx_word' id='word_1_216' title='bbox 2173 2402 2203 2434; x_wconf 86' lang='lat' dir='ltr'><strong>a</strong></span> <span class='ocrx_word' id='word_1_217' title='bbox 2259 2381 2519 2454; x_wconf 89' lang='lat' dir='ltr'><strong>(parochis</strong></span> <span class='ocrx_word' id='word_1_218' title='bbox 2557 2388 2611 2434; x_wconf 83' lang='lat' dir='ltr'><strong>et</strong></span> 
     </span>
     <span class='ocr_line' id='line_1_25' title="bbox 196 2469 2612 2546; baseline -0 -23"><span class='ocrx_word' id='word_1_219' title='bbox 196 2471 391 2542; x_wconf 89' lang='lat' dir='ltr'><strong>aliquot</strong></span> <span class='ocrx_word' id='word_1_220' title='bbox 418 2474 775 2546; x_wconf 79' lang='lat' dir='ltr'><strong>parochianis)</strong></span> <span class='ocrx_word' id='word_1_221' title='bbox 827 2475 1067 2546; x_wconf 88' lang='lat' dir='ltr'><strong>collegio,</strong></span> <span class='ocrx_word' id='word_1_222' title='bbox 1120 2476 1209 2545; x_wconf 90' lang='lat' dir='ltr'><strong>qui</strong></span> <span class='ocrx_word' id='word_1_223' title='bbox 1262 2481 1514 2528; x_wconf 84' lang='lat' dir='ltr'><strong>vocantur</strong></span> <span class='ocrx_word' id='word_1_224' title='bbox 1551 2473 1732 2539; x_wconf 91' lang='lat' dir='ltr'><strong>vitrici,</strong></span> <span class='ocrx_word' id='word_1_225' title='bbox 1783 2471 2019 2542; x_wconf 81' lang='lat' dir='ltr'><strong>magistri</strong></span> <span class='ocrx_word' id='word_1_226' title='bbox 2055 2470 2280 2524; x_wconf 85' lang='lat' dir='ltr'><strong>fabricae</strong></span> <span class='ocrx_word' id='word_1_227' title='bbox 2335 2469 2612 2542; x_wconf 80' lang='lat' dir='ltr'><strong>(Kirchen-</strong></span> 
     </span>
     <span class='ocr_line' id='line_1_26' title="bbox 196 2555 2611 2632; baseline -0.002 -20"><span class='ocrx_word' id='word_1_228' title='bbox 196 2560 328 2627; x_wconf 86' lang='lat' dir='ltr'><strong>rath,</strong></span> <span class='ocrx_word' id='word_1_229' title='bbox 369 2559 877 2632; x_wconf 87' lang='lat' dir='ltr'><strong>Kirchenvorstand)</strong></span> <span class='ocrx_word' id='word_1_230' title='bbox 916 2562 1199 2616; x_wconf 90' lang='lat' dir='ltr'><strong>secundum</strong></span> <span class='ocrx_word' id='word_1_231' title='bbox 1238 2561 1588 2615; x_wconf 89' lang='lat' dir='ltr'><strong>ordinationes</strong></span> <span class='ocrx_word' id='word_1_232' title='bbox 1626 2560 1691 2613; x_wconf 91' lang='lat' dir='ltr'><strong>ab</strong></span> <span class='ocrx_word' id='word_1_233' title='bbox 1731 2558 2024 2614; x_wconf 88' lang='lat' dir='ltr'><strong>Ordinariis</strong></span> <span class='ocrx_word' id='word_1_234' title='bbox 2062 2558 2287 2612; x_wconf 77' lang='lat' dir='ltr'><strong>emissas,</strong></span> <span class='ocrx_word' id='word_1_235' title='bbox 2375 2555 2611 2611; x_wconf 82' lang='lat' dir='ltr'><strong>Membra</strong></span> 
     </span>
     <span class='ocr_line' id='line_1_27' title="bbox 199 2645 1260 2718; baseline 0.004 -20"><span class='ocrx_word' id='word_1_236' title='bbox 199 2645 405 2718; x_wconf 87' lang='lat' dir='ltr'><strong>collegii</strong></span> <span class='ocrx_word' id='word_1_237' title='bbox 442 2648 505 2700; x_wconf 90' lang='lat' dir='ltr'><strong>ab</strong></span> <span class='ocrx_word' id='word_1_238' title='bbox 546 2647 837 2702; x_wconf 89' lang='lat' dir='ltr'><strong>Ordinariis</strong></span> <span class='ocrx_word' id='word_1_239' title='bbox 876 2650 1260 2702; x_wconf 87' lang='lat' dir='ltr'><strong>confirmantur.</strong></span> 
     </span>
    </p>
   </div>
   <div class='ocr_carea' id='block_1_6' title="bbox 1217 2811 1588 2989">
    <p class='ocr_par' dir='ltr' id='par_1_8' title="bbox 1217 2811 1574 2989">
     <span class='ocr_line' id='line_1_28' title="bbox 1317 2811 1524 2879; baseline 0 -17"><span class='ocrx_word' id='word_1_240' title='bbox 1317 2814 1362 2879; x_wconf 67' lang='lat' dir='ltr'><strong>g.</strong></span> <span class='ocrx_word' id='word_1_241' title='bbox 1441 2811 1524 2862; x_wconf 88' lang='lat'><strong>50.</strong></span> 
     </span>
     <span class='ocr_line' id='line_1_29' title="bbox 1217 2930 1588 2989; baseline -0.006 -2"><span class='ocrx_word' id='word_1_242' title='bbox 1217 2931 1311 2989; x_wconf 87' lang='lat' dir='ltr'><strong>De</strong></span> <span class='ocrx_word' id='word_1_243' title='bbox 1369 2930 1588 2987; x_wconf 78' lang='lat' dir='ltr'><strong>scholis,</strong></span> 
     </span>
    </p>
   </div>
   <div class='ocr_carea' id='block_1_7' title="bbox 198 3077 2612 3941">
    <p class='ocr_par' dir='ltr' id='par_1_9' title="bbox 198 3077 2612 3941">
     <span class='ocr_line' id='line_1_30' title="bbox 346 3077 2612 3145; baseline -0.003 -10"><span class='ocrx_word' id='word_1_244' title='bbox 346 3084 390 3138; x_wconf 84' lang='lat'><strong>1.</strong></span> <span class='ocrx_word' id='word_1_245' title='bbox 433 3080 628 3137; x_wconf 91' lang='lat' dir='ltr'><strong>Omnes</strong></span> <span class='ocrx_word' id='word_1_246' title='bbox 666 3084 863 3138; x_wconf 76' lang='lat' dir='ltr'><strong>scholae</strong></span> <span class='ocrx_word' id='word_1_247' title='bbox 900 3085 1221 3142; x_wconf 77' lang='lat' dir='ltr'><strong>elementares</strong></span> <span class='ocrx_word' id='word_1_248' title='bbox 1259 3092 1382 3139; x_wconf 87' lang='lat' dir='ltr'><strong>sunt</strong></span> <span class='ocrx_word' id='word_1_249' title='bbox 1419 3081 1868 3138; x_wconf 84' lang='lat' dir='ltr'><strong>confessionales</strong></span> <span class='ocrx_word' id='word_1_250' title='bbox 1852 3102 1885 3134; x_wconf 93' lang='lat'><strong>1.</strong></span> <span class='ocrx_word' id='word_1_251' title='bbox 1925 3100 1966 3134; x_wconf 90' lang='lat' dir='ltr'><strong>e.</strong></span> <span class='ocrx_word' id='word_1_252' title='bbox 2005 3087 2094 3132; x_wconf 86' lang='lat' dir='ltr'><strong>aut</strong></span> <span class='ocrx_word' id='word_1_253' title='bbox 2130 3077 2483 3145; x_wconf 86' lang='lat' dir='ltr'><strong>„catholicae“</strong></span> <span class='ocrx_word' id='word_1_254' title='bbox 2521 3082 2612 3128; x_wconf 82' lang='lat' dir='ltr'><strong>aut</strong></span> 
     </span>
     <span class='ocr_line' id='line_1_31' title="bbox 200 3150 2610 3244; baseline -0.003 -22"><span class='ocrx_word' id='word_1_255' title='bbox 200 3188 295 3235; x_wconf 80' lang='lat' dir='ltr'><strong>„ev</strong></span> <span class='ocrx_word' id='word_1_256' title='bbox 298 3170 628 3241; x_wconf 85' lang='lat' dir='ltr'><strong>angelicae“·</strong></span> <span class='ocrx_word' id='word_1_257' title='bbox 617 3212 628 3238; x_wconf 95' lang='lat'><strong>,</strong></span> <span class='ocrx_word' id='word_1_258' title='bbox 685 3172 992 3242; x_wconf 79' lang='lat' dir='ltr'><strong>magistium</strong></span> <span class='ocrx_word' id='word_1_259' title='bbox 1030 3193 1068 3225; x_wconf 94' lang='lat' dir='ltr'><strong>s.</strong></span> <span class='ocrx_word' id='word_1_260' title='bbox 1124 3173 1397 3244; x_wconf 88' lang='lat' dir='ltr'><strong>magistros</strong></span> <span class='ocrx_word' id='word_1_261' title='bbox 1449 3170 1663 3225; x_wconf 88' lang='lat' dir='ltr'><strong>eandem</strong></span> <span class='ocrx_word' id='word_1_262' title='bbox 1718 3170 1906 3222; x_wconf 87' lang='lat' dir='ltr'><strong>habere</strong></span> <span class='ocrx_word' id='word_1_263' title='bbox 1958 3153 2332 3220; x_wconf 89' lang='lat' dir='ltr'><strong>confessionem</strong></span> <span class='ocrx_word' id='word_1_264' title='bbox 2388 3150 2610 3237; x_wconf 82' lang='lat' dir='ltr'><strong>oportet.</strong></span> 
     </span>
     <span class='ocr_line' id='line_1_32' title="bbox 198 3249 2611 3330; baseline -0.002 -21"><span class='ocrx_word' id='word_1_265' title='bbox 198 3257 297 3310; x_wconf 91' lang='lat' dir='ltr'><strong>Ille</strong></span> <span class='ocrx_word' id='word_1_266' title='bbox 346 3258 554 3312; x_wconf 87' lang='lat' dir='ltr'><strong>scholae</strong></span> <span class='ocrx_word' id='word_1_267' title='bbox 605 3261 868 3313; x_wconf 85' lang='lat' dir='ltr'><strong>character</strong></span> <span class='ocrx_word' id='word_1_268' title='bbox 904 3259 1180 3330; x_wconf 86' lang='lat' dir='ltr'><strong>religiosus</strong></span> <span class='ocrx_word' id='word_1_269' title='bbox 1232 3268 1322 3314; x_wconf 91' lang='lat' dir='ltr'><strong>aut</strong></span> <span class='ocrx_word' id='word_1_270' title='bbox 1358 3258 1659 3313; x_wconf 85' lang='lat' dir='ltr'><strong>fundatione</strong></span> <span class='ocrx_word' id='word_1_271' title='bbox 1707 3264 1799 3309; x_wconf 90' lang='lat' dir='ltr'><strong>aut</strong></span> <span class='ocrx_word' id='word_1_272' title='bbox 1834 3254 2109 3308; x_wconf 83' lang='lat' dir='ltr'><strong>traditione</strong></span> <span class='ocrx_word' id='word_1_273' title='bbox 2147 3253 2327 3306; x_wconf 90' lang='lat' dir='ltr'><strong>nititur</strong></span> <span class='ocrx_word' id='word_1_274' title='bbox 2363 3259 2466 3318; x_wconf 90' lang='lat' dir='ltr'><strong>aut,</strong></span> <span class='ocrx_word' id='word_1_275' title='bbox 2520 3249 2611 3304; x_wconf 88' lang='lat' dir='ltr'><strong>ubi</strong></span> 
     </span>
     <span class='ocr_line' id='line_1_33' title="bbox 199 3337 2609 3418; baseline -0.003 -20"><span class='ocrx_word' id='word_1_276' title='bbox 199 3345 415 3398; x_wconf 90' lang='lat' dir='ltr'><strong>dubium</strong></span> <span class='ocrx_word' id='word_1_277' title='bbox 470 3345 628 3413; x_wconf 89' lang='lat' dir='ltr'><strong>adest,</strong></span> <span class='ocrx_word' id='word_1_278' title='bbox 685 3366 715 3398; x_wconf 92' lang='lat' dir='ltr'><strong>a</strong></span> <span class='ocrx_word' id='word_1_279' title='bbox 752 3346 1007 3418; x_wconf 90' lang='lat' dir='ltr'><strong>gubernio</strong></span> <span class='ocrx_word' id='word_1_280' title='bbox 1057 3348 1343 3400; x_wconf 88' lang='lat' dir='ltr'><strong>secundum</strong></span> <span class='ocrx_word' id='word_1_281' title='bbox 1394 3353 1535 3400; x_wconf 89' lang='lat' dir='ltr'><strong>certa</strong></span> <span class='ocrx_word' id='word_1_282' title='bbox 1583 3342 1836 3416; x_wconf 89' lang='lat' dir='ltr'><strong>principia</strong></span> <span class='ocrx_word' id='word_1_283' title='bbox 1881 3342 2117 3395; x_wconf 89' lang='lat' dir='ltr'><strong>firmatur</strong></span> <span class='ocrx_word' id='word_1_284' title='bbox 2163 3339 2250 3394; x_wconf 86' lang='lat' dir='ltr'><strong>vel</strong></span> <span class='ocrx_word' id='word_1_285' title='bbox 2295 3337 2609 3410; x_wconf 89' lang='lat' dir='ltr'><strong>agnoscitur.</strong></span> 
     </span>
     <span class='ocr_line' id='line_1_34' title="bbox 200 3424 2610 3499; baseline -0.005 -12"><span class='ocrx_word' id='word_1_286' title='bbox 200 3432 484 3487; x_wconf 83' lang='lat' dir='ltr'><strong>Character</strong></span> <span class='ocrx_word' id='word_1_287' title='bbox 520 3433 725 3486; x_wconf 87' lang='lat' dir='ltr'><strong>scholae</strong></span> <span class='ocrx_word' id='word_1_288' title='bbox 762 3452 867 3487; x_wconf 91' lang='lat' dir='ltr'><strong>non</strong></span> <span class='ocrx_word' id='word_1_289' title='bbox 906 3442 1062 3499; x_wconf 88' lang='lat' dir='ltr'><strong>vetat,</strong></span> <span class='ocrx_word' id='word_1_290' title='bbox 1101 3434 1292 3488; x_wconf 86' lang='lat' dir='ltr'><strong>liberos</strong></span> <span class='ocrx_word' id='word_1_291' title='bbox 1331 3434 1386 3486; x_wconf 89' lang='lat' dir='ltr'><strong>in</strong></span> <span class='ocrx_word' id='word_1_292' title='bbox 1423 3432 1631 3488; x_wconf 85' lang='lat' dir='ltr'><strong>scholae</strong></span> <span class='ocrx_word' id='word_1_293' title='bbox 1681 3430 1913 3483; x_wconf 89' lang='lat' dir='ltr'><strong>districtu</strong></span> <span class='ocrx_word' id='word_1_294' title='bbox 1950 3429 2181 3484; x_wconf 86' lang='lat' dir='ltr'><strong>viventes</strong></span> <span class='ocrx_word' id='word_1_295' title='bbox 2217 3433 2270 3481; x_wconf 87' lang='lat' dir='ltr'><strong>et</strong></span> <span class='ocrx_word' id='word_1_296' title='bbox 2306 3424 2454 3478; x_wconf 84' lang='lat' dir='ltr'><strong>alteri</strong></span> <span class='ocrx_word' id='word_1_297' title='bbox 2491 3437 2610 3478; x_wconf 90' lang='lat' dir='ltr'><strong>con-</strong></span> 
     </span>
     <span class='ocr_line' id='line_1_35' title="bbox 200 3511 2608 3591; baseline -0.003 -20"><span class='ocrx_word' id='word_1_298' title='bbox 200 3520 407 3573; x_wconf 87' lang='lat' dir='ltr'><strong>fessioni</strong></span> <span class='ocrx_word' id='word_1_299' title='bbox 445 3520 675 3574; x_wconf 89' lang='lat' dir='ltr'><strong>addictos</strong></span> <span class='ocrx_word' id='word_1_300' title='bbox 727 3521 960 3574; x_wconf 87' lang='lat' dir='ltr'><strong>scholam</strong></span> <span class='ocrx_word' id='word_1_301' title='bbox 1011 3520 1359 3591; x_wconf 84' lang='lat' dir='ltr'><strong>frequentare.</strong></span> <span class='ocrx_word' id='word_1_302' title='bbox 1452 3520 1568 3574; x_wconf 86' lang='lat' dir='ltr'><strong>Lex</strong></span> <span class='ocrx_word' id='word_1_303' title='bbox 1622 3517 2020 3571; x_wconf 87' lang='lat' dir='ltr'><strong>fundamentalis</strong></span> <span class='ocrx_word' id='word_1_304' title='bbox 2080 3517 2198 3589; x_wconf 84' lang='lat' dir='ltr'><strong>(art.</strong></span> <span class='ocrx_word' id='word_1_305' title='bbox 2252 3513 2359 3583; x_wconf 89' lang='grc'><strong>24.)</strong></span> <span class='ocrx_word' id='word_1_306' title='bbox 2414 3511 2608 3579; x_wconf 89' lang='lat' dir='ltr'><strong>statuit,</strong></span> 
     </span>
     <span class='ocr_line' id='line_1_36' title="bbox 205 3598 2609 3680; baseline -0.003 -22"><span class='ocrx_word' id='word_1_307' title='bbox 205 3615 292 3672; x_wconf 89' lang='lat' dir='ltr'><strong>„ut</strong></span> <span class='ocrx_word' id='word_1_308' title='bbox 326 3607 378 3659; x_wconf 92' lang='lat' dir='ltr'><strong>in</strong></span> <span class='ocrx_word' id='word_1_309' title='bbox 431 3608 760 3661; x_wconf 88' lang='lat' dir='ltr'><strong>instituendis</strong></span> <span class='ocrx_word' id='word_1_310' title='bbox 798 3608 988 3661; x_wconf 87' lang='lat' dir='ltr'><strong>scholis</strong></span> <span class='ocrx_word' id='word_1_311' title='bbox 1039 3608 1436 3661; x_wconf 88' lang='lat' dir='ltr'><strong>elementaribus</strong></span> <span class='ocrx_word' id='word_1_312' title='bbox 1485 3605 1705 3680; x_wconf 91' lang='lat' dir='ltr'><strong>publicis</strong></span> <span class='ocrx_word' id='word_1_313' title='bbox 1757 3604 2104 3657; x_wconf 89' lang='lat' dir='ltr'><strong>conditionum</strong></span> <span class='ocrx_word' id='word_1_314' title='bbox 2155 3598 2609 3654; x_wconf 88' lang='lat' dir='ltr'><strong>confessionalium</strong></span> 
     </span>
     <span class='ocr_line' id='line_1_37' title="bbox 203 3685 2607 3766; baseline -0.003 -21"><span class='ocrx_word' id='word_1_315' title='bbox 203 3703 452 3763; x_wconf 87' lang='lat' dir='ltr'><strong>quantum</strong></span> <span class='ocrx_word' id='word_1_316' title='bbox 490 3696 600 3750; x_wconf 89' lang='lat' dir='ltr'><strong>fieri</strong></span> <span class='ocrx_word' id='word_1_317' title='bbox 639 3697 811 3764; x_wconf 88' lang='lat' dir='ltr'><strong>possit,</strong></span> <span class='ocrx_word' id='word_1_318' title='bbox 850 3695 982 3750; x_wconf 88' lang='lat' dir='ltr'><strong>ratio</strong></span> <span class='ocrx_word' id='word_1_319' title='bbox 1019 3694 1322 3762; x_wconf 83' lang='lat' dir='ltr'><strong>habeatur“,</strong></span> <span class='ocrx_word' id='word_1_320' title='bbox 1362 3703 1413 3748; x_wconf 90' lang='lat' dir='ltr'><strong>et</strong></span> <span class='ocrx_word' id='word_1_321' title='bbox 1448 3694 1624 3766; x_wconf 89' lang='lat' dir='ltr'><strong>legem</strong></span> <span class='ocrx_word' id='word_1_322' title='bbox 1663 3691 1930 3765; x_wconf 82' lang='lat' dir='ltr'><strong>promittit,</strong></span> <span class='ocrx_word' id='word_1_323' title='bbox 1970 3709 2072 3762; x_wconf 87' lang='lat' dir='ltr'><strong>qua</strong></span> <span class='ocrx_word' id='word_1_324' title='bbox 2107 3688 2234 3741; x_wconf 90' lang='lat' dir='ltr'><strong>haec</strong></span> <span class='ocrx_word' id='word_1_325' title='bbox 2270 3705 2353 3740; x_wconf 92' lang='lat' dir='ltr'><strong>res</strong></span> <span class='ocrx_word' id='word_1_326' title='bbox 2378 3685 2607 3738; x_wconf 87' lang='lat' dir='ltr'><strong>funditus</strong></span> 
     </span>
     <span class='ocr_line' id='line_1_38' title="bbox 203 3771 2608 3855; baseline -0.003 -22"><span class='ocrx_word' id='word_1_327' title='bbox 203 3780 479 3836; x_wconf 87' lang='lat' dir='ltr'><strong>ordinetur.</strong></span> <span class='ocrx_word' id='word_1_328' title='bbox 573 3782 724 3848; x_wconf 78' lang='lat' dir='ltr'><strong>Quae</strong></span> <span class='ocrx_word' id='word_1_329' title='bbox 778 3782 868 3836; x_wconf 88' lang='lat' dir='ltr'><strong>lex</strong></span> <span class='ocrx_word' id='word_1_330' title='bbox 923 3783 1153 3837; x_wconf 88' lang='lat' dir='ltr'><strong>nondum</strong></span> <span class='ocrx_word' id='word_1_331' title='bbox 1213 3791 1290 3835; x_wconf 92' lang='lat' dir='ltr'><strong>est</strong></span> <span class='ocrx_word' id='word_1_332' title='bbox 1343 3781 1687 3855; x_wconf 87' lang='lat' dir='ltr'><strong>promulgata.</strong></span> <span class='ocrx_word' id='word_1_333' title='bbox 1780 3777 2004 3834; x_wconf 84' lang='lat' dir='ltr'><strong>Scholae</strong></span> <span class='ocrx_word' id='word_1_334' title='bbox 2060 3814 2087 3841; x_wconf 84' lang='lat'><strong>,‚</strong></span> <span class='ocrx_word' id='word_1_335' title='bbox 2104 3774 2440 3827; x_wconf 88' lang='lat' dir='ltr'><strong>simultaneae</strong></span> <span class='ocrx_word' id='word_1_336' title='bbox 2459 3777 2501 3839; x_wconf 83' lang='lat'><strong>“,</strong></span> <span class='ocrx_word' id='word_1_337' title='bbox 2552 3771 2608 3824; x_wconf 86' lang='lat' dir='ltr'><strong>in</strong></span> 
     </span>
     <span class='ocr_line' id='line_1_39' title="bbox 206 3861 2609 3941; baseline -0.004 -21"><span class='ocrx_word' id='word_1_338' title='bbox 206 3868 392 3938; x_wconf 87' lang='lat' dir='ltr'><strong>quibus</strong></span> <span class='ocrx_word' id='word_1_339' title='bbox 452 3870 686 3940; x_wconf 83' lang='lat' dir='ltr'><strong>magistri</strong></span> <span class='ocrx_word' id='word_1_340' title='bbox 746 3869 1014 3941; x_wconf 89' lang='lat' dir='ltr'><strong>utriusque</strong></span> <span class='ocrx_word' id='word_1_341' title='bbox 1065 3868 1397 3941; x_wconf 86' lang='lat' dir='ltr'><strong>confessionis</strong></span> <span class='ocrx_word' id='word_1_342' title='bbox 1451 3868 1506 3921; x_wconf 90' lang='lat' dir='ltr'><strong>in</strong></span> <span class='ocrx_word' id='word_1_343' title='bbox 1556 3866 1800 3920; x_wconf 86' lang='lat' dir='ltr'><strong>classibus</strong></span> <span class='ocrx_word' id='word_1_344' title='bbox 1857 3863 2069 3919; x_wconf 85' lang='lat' dir='ltr'><strong>diversis</strong></span> <span class='ocrx_word' id='word_1_345' title='bbox 2125 3861 2314 3916; x_wconf 89' lang='lat' dir='ltr'><strong>docent</strong></span> <span class='ocrx_word' id='word_1_346' title='bbox 2371 3866 2458 3914; x_wconf 86' lang='lat' dir='ltr'><strong>aut</strong></span> <span class='ocrx_word' id='word_1_347' title='bbox 2514 3876 2609 3932; x_wconf 84' lang='lat' dir='ltr'><strong>per</strong></span> 
     </span>
    </p>
   </div>
  </div>
 </body>
</html>
