2670 4126
194 122 259 173 66

192 259 424 331 partibus
483 259 719 314 catholici
781 267 869 311 aut
905 256 1002 310 soli
1042 266 1130 310 aut
1169 267 1308 313 certe
1359 261 1526 330 major
1583 260 1866 314 incolarum
1922 281 2041 333 pars
2095 264 2212 333 sint,
2268 267 2322 319 in
2376 265 2609 338 partibus

194 347 337 399 novis
389 366 512 400 vero
564 345 833 399 acatholici
883 345 1041 416 longe
1090 348 1436 418 praevaleant.
1534 349 1653 414 Qua
1705 367 1763 402 re
1815 368 1966 420 saepe
2005 369 2179 404 curam
2233 355 2518 409 animarum
2557 361 2609 407 et

192 434 354 505 ipsam
386 433 802 504 jurisdictionem
841 451 951 486 esse
990 433 1251 486 difficilem
1293 443 1507 488 constat.

1302 590 1347 654 ξ.
1422 587 1508 641 43.

1075 693 1168 748 De
1212 700 1362 747 statu
1407 695 1732 748 animarum.

335 831 594 900 Registra,
653 849 786 901 quae
834 838 1101 897 vocantur,
1156 839 1316 883 status
1369 831 1534 883 civilis
1595 831 1682 904 (cf.
1722 835 1766 899 ξ.
1805 830 1879 901 2.)
1933 830 1988 883 in
2043 831 2358 886 dioecesibus
2413 834 2608 903 Varm„

193 916 376 984 Culm.,
429 917 625 971 Gnesn.
666 926 717 969 et
754 917 994 985 Posnan.,
1045 917 1339 984 Vratislav.,
1378 917 1711 986 Paderborn.,
1765 917 1985 971 Monast.
2037 919 2206 990 quoad
2257 920 2537 976 catholicos
2576 941 2607 974 a

191 1005 427 1077 parochis
479 1005 744 1058 catholicis
785 1005 1127 1058 conficiuntur
1180 1015 1232 1058 et
1270 1005 1662 1058 fundamentum
1700 1005 1957 1058 habentur
1991 1014 2154 1059 status
2213 1003 2378 1060 civilis
2435 1009 2622 1080 quoad·

191 1090 582 1162 rempublicam.
690 1090 1025 1163 Exemplaria
1094 1092 1321 1144 indicum
1389 1102 1710 1146 mortuorum
1780 1092 2117 1146 trimestrium
2198 1102 2249 1146 et
2316 1094 2418 1148 fine
2487 1095 2612 1148 anni

194 1177 533 1248 registrorum
575 1186 863 1232 ceterorum
902 1178 1246 1232 tribunalibus
1294 1180 1421 1231 1mae
1466 1179 1740 1232 instantiae
1788 1198 1818 1230 a
1865 1179 2105 1250 parochis
2154 1180 2444 1236 traduntur.
2518 1182 2608 1236 Ad

194 1265 539 1318 conficiendos
578 1265 771 1319 indices
804 1266 1053 1335 juvenum
1093 1265 1157 1317 ad
1195 1266 1431 1318 militiam
1472 1267 1818 1337 obligatorutn
1847 1274 1897 1319 et
1926 1267 2107 1339 populi
2140 1286 2383 1321 numerus
2418 1269 2608 1342 baptis-

194 1373 422 1419 morum,
473 1351 944 1419 matrimoniorum,
998 1362 1318 1406 mortuorum
1369 1353 1551 1407 officiis
1605 1353 1763 1424 regiis
1812 1353 2354 1427 (Landraths'amtern)
2407 1356 2609 1410 dantur.

193 1440 607 1493 Ordinariatibus
657 1441 850 1493 indices
903 1441 1390 1493 communicantium
1444 1450 1496 1493 et
1546 1440 1831 1493 animarum
1872 1441 2119 1513 cujusque
2170 1443 2445 1514 parochiae
2483 1462 2610 1514 quo-

192 1529 358 1580 tannis
398 1527 685 1582 traduntur.
781 1528 989 1581 Revisio
1029 1529 1360 1581 matricarum
1397 1529 1457 1580 fit
1495 1529 1552 1580 in
1592 1527 1857 1580 visitandis
1895 1529 2170 1599 parochiis,

281 1602 283 1604 Ι
334 1616 398 1668 In
457 1615 773 1668 dioecesibus
826 1614 1126 1668 Coloniensi
1187 1624 1238 1669 et
1291 1616 1609 1682 Trevircnsi,
1674 1615 1762 1668 ubi
1809 1615 1895 1685 jus
1951 1616 2397 1688 franco-gallicum
2453 1617 2610 1688 viget,

191 1703 439 1774 (exceptis
498 1703 559 1754 iis
597 1702 913 1773 regionibUS,
960 1698 1055 1754 ‘ubi
1087 1704 1174 1772 jus
1216 1705 1534 1756 boi-ussicum
1588 1703 1670 1755 vel
1711 1721 1980 1756 commune
2018 1703 2231 1770 obtinet,
2287 1723 2386 1776 pro
2427 1703 2611 1775 quibus

190 1790 344 1856 idem,
402 1798 457 1842 ut
494 1809 663 1861 supra,
718 1789 993 1841 dicendum
1034 1791 1132 1862 est)
1173 1792 1414 1844 matricae
1451 1790 1823 1844 ecclesiastieae
1858 1792 1916 1843 in
1939 1790 2068 1862 foro
2107 1791 2247 1844 civili
2286 1809 2388 1844 non
2426 1809 2612 1862 agnos-

190 1886 400 1943 cuntur3
454 1876 732 1942 „officiales
783 1885 945 1930 status
1002 1878 1201 1931 civilis‘·'
1243 1888 1454 1932 eventus
1505 1879 1621 1931 illos
1657 1878 1888 1931 referunt
1936 1878 1988 1929 in
2026 1877 2220 1932 indices
2271 1878 2506 1951 publicos
2544 1897 2611 1932 ex

141 1990 144 1992 “
189 1965 372 2035 hisque
412 1964 466 2015 in
517 1963 838 2016 documentis
876 1965 1098 2036 publicis
1139 1975 1408 2019 testantur.
1501 1964 1852 2018 Nihilominus
1891 1983 2012 2017 vero
2050 1965 2258 2018 eaedem
2295 1965 2544 2018 matricae
2579 1985 2611 2022 a

188 2051 428 2122 parochis
479 2059 752 2122 geruntur,
806 2052 894 2122 qui
933 2055 1209 2125 quotannis
1263 2053 1622 2106 Ordinariatui
1660 2051 1885 2104 indicem
1936 2048 2379 2105 matrimoniorum
2421 2052 2608 2105 cathol.

189 2148 239 2191 et
276 2139 570 2206 mixtorum,
623 2139 1017 2193 conversionum
1054 2140 1121 2192 ad
1170 2140 1324 2193 fidem
1378 2141 1523 2208 cath.,
1564 2139 1936 2212 apostasiarum
1975 2157 2005 2189 a
2042 2138 2146 2192 fide
2185 2140 2334 2208 cath.,
2359 2148 2425 2193 'et
2477 2159 2610 2194 nova

187 2227 529 2279 schematismi
598 2227 824 2280 editione
863 2227 1098 2280 facienda
1167 2236 1496 2299 conspectum
1564 2227 1879 2292 animarum,
1950 2226 2343 2291 beneficiorum,
2411 2226 2609 2280 schola·

188 2333 303 2366 rum
344 2323 434 2367 cet..
475 2313 678 2368 tradere
717 2322 836 2366 sunt
867 2314 1017 2384 jussi.

1296 2470 1342 2535 ἓ.
1417 2468 1502 2521 44.

1239 2574 1332 2629 De
1392 2535 1557 2629 clero.

332 2698 375 2750 Ι.
414 2697 768 2752 Educatio.
849 2700 894 2750 1.
934 2698 1232 2751 Seminaria
1259 2718 1548 2768 puerorum
1574 2698 1734 2750 hocce
1762 2704 2021 2750 momento
2048 2696 2103 2748 in
2134 2695 2367 2748 omnibus
2407 2686 2607 2750 dioece—

191 2786 329 2837 sibus
368 2786 612 2851 existunt,
654 2804 786 2855 quae
826 2785 1120 2838 Ordinariis
1158 2793 1359 2838 tantum
1397 2785 1628 2854 subjecta
1666 2783 1982 2836 sustinentur
2022 2803 2088 2836 ex
2127 2781 2489 2836 donationibus
2511 2790 2605 2837 eet.

193 2874 260 2945 (ἓ.
300 2873 388 2944 3.).
482 2872 698 2924 Alumni
748 2873 1080 2943 gymnasium
1130 2872 1394 2944 publicum
1445 2871 1795 2941 frequentant,
1854 2870 1951 2922 nisi
2002 2889 2120 2923 cum
2170 2869 2280 2940 ipso
2329 2870 2607 2938 seminario

191 2958 521 3031 gymnasium
559 2959 851 3031 episcopale
892 2959 1194 3031 (privatum)
1235 2959 1302 3011 sit
1340 2958 1668 3028 conjunctum
1709 2957 1788 3027 (ut
1824 2956 1880 3008 in
1918 2956 2077 3009 dioec.
2107 2955 2427 3028 Monaster.).
2501 2947 2620 3022 Qui*

193 3065 422 3113 examen,
464 3046 603 3116 quod
642 3056 851 3098 vocatur
876 3048 1199 3114 maturitatis,
1237 3065 1343 3099 non
1380 3052 1766 3116 superaverunt,
1811 3043 1876 3095 ad
1913 3042 2204 3113 theologiae
2241 3042 2467 3096 studium
2502 3060 2608 3097 non

194 3133 548 3185 admittuntur.
624 3132 1001 3204 Episcoporum
1042 3142 1120 3186 est
1158 3134 1319 3187 libere
1358 3132 1616 3197 ordinare,
1658 3149 1788 3201 quos
1828 3128 2069 3183 Canones
2106 3130 2430 3201 permittunt.

336 3223 384 3274 2.
426 3219 705 3274 Candidati
743 3219 1017 3291 theoloqz'ae
1054 3221 1317 3273 studentes
1357 3228 1444 3271 aut
1479 3219 1532 3270 in
1583 3216 1918 3270 universitate
1969 3217 2054 3269 vel
2105 3215 2366 3269 academia
2398 3213 2608 3286 publiea

192 3306 470 3361 triennium
519 3306 870 3360 academicum
919 3308 1206 3374 absolvunt,
1261 3306 1314 3358 id
1365 3304 1508 3376 quod
1558 3303 1694 3355 valet
1740 3303 1795 3355 in
1847 3303 2172 3356 dioecesibus
2211 3300 2520 3356 Coloniensi
2556 3308 2609 3354 et

195 3394 609 3460 Monasteriensi‚
650 3413 754 3465 quo
811 3395 945 3446 facto
994 3412 1089 3466 per
1143 3412 1338 3445 annum
1393 3392 1500 3444 sive
1554 3409 1747 3443 annum
1803 3398 1854 3443 et
1905 3390 2179 3442 dimidium
2229 3388 2284 3441 in
2333 3386 2607 3440 seminario

198 3482 408 3552 degunt.
483 3479 651 3546 Quam
692 3480 1079 3537 universitatem
1117 3480 1200 3532 vel
1238 3478 1550 3532 academiam
1585 3476 1726 3529 adire
1765 3477 1939 3544 velint,
1989 3494 2170 3530 eorum
2205 3473 2418 3527 arbitrio
2454 3472 2607 3526 relin-

199 3569 383 3638 quitur.
476 3567 588 3620 Aut
626 3568 682 3619 in
720 3567 983 3620 academia
1020 3587 1056 3619 S.
1096 3566 1247 3638 lyceo
1288 3585 1405 3618 cum
1441 3563 1714 3617 seminario
1753 3564 2045 3635 conjuncto,
2097 3569 2157 3615 ut
2191 3560 2247 3613 in
2285 3558 2606 3615 dioecesibus

197 3655 419 3706 Posnan.
478 3661 529 3707 et
585 3653 894 3736 Gnesnensi,
958 3652 1269 3719 Varmiensi,
1323 3649 1605 3717 Culmensi,
1679 3649 2013 3716 Paderborn.,
2053 3646 2270 3720 Trevir.,
2325 3643 2606 3698 triennium

200 3741 472 3793 absolvunt
508 3748 559 3794 et
596 3739 835 3794 deinde
820 3759 875 3792 m
912 3738 1245 3793 seminarium
1286 3739 1620 3811 recipiuntur.
1693 3736 1810 3790 Hoc
1847 3755 1967 3815 casu
1991 3732 2245 3807 plurimi
2230 3750 2286 3785 m
2313 3729 2604 3797 seminario,

199 3826 397 3899 aliquot
434 3845 557 3880 vero
605 3827 661 3879 in
708 3827 821 3900 ipsa
869 3826 1078 3880 civitate
1130 3825 1324 3879 vivunt.
1418 3824 1526 3881 Sed
1578 3824 1632 3877 in
1689 3824 1770 3877 his
1827 3811 2031 3895 quoque
2088 3818 2416 3882 dioecesibus
2470 3814 2625 3871 nihil
