2670 4126
227 152 281 191 >⁴⁴2

224 290 404 335 rector.
444 314 514 321 ——
570 283 600 333 3
658 282 829 332 semin.
887 280 1178 349 maqistror.
1239 280 1287 345 (1
1338 279 1390 330 in
1443 279 1707 350 Oldenb.)‚
1771 284 1790 333 1
1854 283 2230 353 magistrarum.
2287 321 2357 328 -—-
2412 288 2624 343 Scholae

222 371 541 423 elementares
580 369 683 419 353
723 385 837 417 cum
877 365 979 418 792
1020 365 1278 435 magistris
1317 385 1499 430 masc.,
1556 369 1661 420 296
1702 368 1880 422 femin.

231 445 234 447 Δ
362 455 457 507 ΙΧ.
517 451 919 506 Administratio.
1003 451 1108 504 Vic.
1159 470 1276 522 gen.
1330 471 1445 504 cum
1485 453 1530 503 V
1536 453 1597 505 ie.
1649 474 1766 524 gen.
1820 455 1872 507 in
1925 456 2074 510 Pont.
2127 468 2178 512 et
2233 460 2341 517 Vic.
2397 481 2518 532 gen.
2568 462 2626 526 in

221 543 428 616 Spirit.,
468 544 504 593 4
542 560 679 592 cons.
719 539 872 607 eccl.‚
914 541 936 591 1
983 547 1086 593 not.
1127 558 1204 610 ap.
1217 579 1234 604 ,
1280 543 1297 590 1
1340 540 1534 607 justit,
1576 541 1607 592 3
1647 552 1861 603 secret.‚
1901 546 1933 596 2
1974 544 2234 611 calculat„
2272 549 2308 604 4
2342 548 2454 612 aliis
2493 548 2626 603 offic.

221 630 300 682 Ex
338 629 532 682 aerario
573 627 723 678 datur
762 645 857 698 pro
896 625 1008 678 Vio.
1046 644 1098 696 g.
1157 625 1187 678 i.
1239 645 1287 696 p.
1347 627 1481 691 800,
1542 627 1570 678 i.
1622 648 1699 699 sp.
1753 631 1885 695 800,
1942 631 2117 684 consil.
2169 641 2220 685 et
2269 633 2413 691 offic.
2450 637 2626 703 4550,

222 734 430 788 expenS.
470 714 581 765 aliis
624 714 778 766 1.405
819 713 893 765 th.

1173 938 1686 946 ———————-—-—-

618 1141 707 1206 Π.
817 1141 1178 1211 Provincia
1230 1144 1724 1213 posnaniensis
1778 1141 2224 1215 GnesnensiS.

367 1344 520 1396 Bulla
568 1344 663 1412 „de
703 1346 866 1397 salute
914 1348 1245 1398 animarum“
1298 1347 1454 1418 episc.
1494 1340 1625 1401 eccl.
1665 1349 2033 1402 Posnaniensis
2083 1349 2147 1402 ad
2185 1348 2280 1403 SS.
2318 1349 2529 1403 Petrum
2577 1358 2630 1404 et

228 1430 445 1482 Paulum
484 1431 668 1502 Apost.
708 1432 773 1483 ad
812 1431 961 1485 Sedis
1000 1432 1440 1505 Metropolitanae
1477 1435 1694 1505 gradum
1735 1435 1918 1488 extulit
1955 1453 2172 1506 eamque
2209 1435 2355 1489 alteri
2403 1436 2626 1509 archiep.

221 1518 342 1571 eccl.
382 1517 674 1571 Gnesnensi
726 1519 789 1570 ad
829 1518 883 1573 S.
923 1519 1268 1573 Adalbertum
1320 1541 1485 1592 aeque
1534 1523 1888 1594 principaliter
1936 1521 2203 1595 perpetuo
2233 1523 2428 1591 univit,
2476 1523 2629 1595 eique

221 1605 486 1659 ecclesiam
529 1606 840 1659 Culmensem
877 1608 1255 1678 suffraganeam
1296 1609 1595 1679 assignavit.

1323 1773 1369 1836 ξ.
1447 1771 1548 1823 55..

640 1889 713 1946 A.
805 1889 1250 1945 Archidioeceses
1297 1892 1688 1948 Posmmz‘ensis
1739 1900 1795 1947 et
1844 1892 2193 1948 Gnesnensis

482 2036 837 2108 Metropolita:
878 2035 978 2089 Die
1017 2038 1064 2088 8.
1089 2036 1209 2091 Jan.
1243 2039 1382 2090 1866
1420 2056 1657 2109 praecon.
1698 2046 1774 2089 est
1810 2037 2092 2090 Miecisl.
2131 2037 2628 2092 Ledochovski.

480 2124 691 2177 Mensa:
734 2125 925 2177 12.000
966 2124 1037 2175 th.
1079 2124 1165 2195 (ex
1205 2125 1446 2195 aerario).
1530 2124 1683 2177 Taoea
1722 2144 1849 2178 cam.
1892 2126 2031 2177 1000
2068 2124 2118 2177 fl.
2158 2144 2202 2177 a.

368 2211 410 2263 Ι.
474 2211 628 2264 Situs,
705 2210 1127 2263 Archidioeceses
1180 2211 1355 2264 unitae
1407 2211 1672 2264 continent
1727 2211 2044 2284 provinciam
2106 2210 2415 2264 borussicam
2465 2209 2631 2266 Posen

223 2318 338 2351 cum
376 2299 551 2354 536.21
592 2298 696 2350 mil.
739 2307 820 2364 Ξ,
879 2297 1011 2349 cath.
1051 2299 1284 2350 919.614
1339 2299 1431 2369 (ita
1483 2317 1550 2351 ex
1601 2299 1807 2369 registr.
1860 2297 1992 2350 civil.
2043 2317 2086 2349 a.
2141 2298 2309 2364 18613
2365 2298 2630 2368 catalogus

226 2386 404 2438 eccles.
445 2385 612 2437 minus
652 2384 908 2454 exhibet),
961 2385 1193 2455 evangel.
1232 2385 1492 2450 491.263,
1545 2386 1788 2438 menonit.
1834 2386 1889 2450 1,
1939 2384 2051 2436 aliis
2091 2384 2226 2451 278,
2270 2383 2380 2455 Jud.
2419 2383 2633 2438 74379.

371 2472 441 2524 Π.
478 2471 747 2525 ,Dividitur
784 2471 921 2522 arch.
962 2470 1112 2523 Posn.
1152 2471 1204 2523 in
1244 2474 1342 2538 22,
1384 2471 1582 2525 Gnesn.
1624 2471 1676 2524 in
1718 2474 1783 2524 16
1823 2471 2025 2537 decan„
2076 2490 2275 2525 summa
2312 2472 2382 2524 38
2421 2470 2528 2526 dec.

369 2559 469 2612 III.
511 2558 686 2612 Status
724 2559 1023 2611 animarum
1061 2559 1276 2628 (1864):
1326 2558 1481 2611 Posn.
1523 2558 1655 2612 cath.
1687 2559 1944 2626 618.784‚
1992 2557 2187 2612 Gnesn.
2225 2558 2554 2627 292.255,‘i.
2593 2578 2633 2612 s.

228 2648 472 2699 911339.

370 2733 466 2785 IV.
511 2733 699 2786 Olerus
780 2735 823 2785 1.
865 2733 996 2785 Sem.
1036 2733 1197 2785 cleric.
1226 2733 1448 2785 Posnan.
1489 2750 1604 2783 cum
1630 2731 1752 2802 Rey.
1792 2740 1842 2785 et
1879 2734 1913 2785 8
1940 2731 2081 2784 Prof.
2122 2731 2340 2804 (incluso
2371 2731 2628 2802 regente),

230 2824 296 2874 76
337 2821 540 2885 alumn.,
602 2853 669 2858 —-
729 2819 889 2873 GneS.
930 2839 1046 2872 cum
1083 2819 1247 2889 Reg„
1306 2822 1338 2872 2
1393 2826 1584 2890 repet,
1650 2819 1719 2870 30
1775 2818 1964 2870 alumn.
2039 2818 2144 2869 Pro
2199 2817 2260 2870 iis
2312 2836 2376 2871 ex
2432 2818 2632 2871 aerario

230 2911 416 2961 dantur
455 2907 609 2959 annui
653 2907 842 2959 18473
883 2907 1002 2958 thal.
1078 2910 1127 2958 2.
1167 2906 1271 2959 Pro
1310 2905 1454 2959 domo
1493 2907 1812 2958 emeritorum
1843 2904 2029 2956 dantur
2053 2905 2228 2969 4396,
2266 2903 2624 2958 demet-iterum

233 2998 389 3048 2466
428 2994 551 3046 thal.
591 3012 654 3045 ex
694 3013 851 3046 aerar.
928 2994 975 3045 3.
1014 2993 1190 3046 Status
1230 2993 1414 3064 (1864)
1456 2991 1594 3043 arch.
1633 2990 1780 3044 Posn.
1819 3009 1858 3042 s.
1897 3008 2026 3042 saec.
2066 2990 2198 3055 479,
2240 3008 2349 3061 reg.
2389 2993 2485 3057 25,
2524 2991 2555 3046 i.
2593 3011 2631 3044 s,

235 3085 352 3135 504.
393 3081 588 3134 emeriti
643 3082 734 3146 12,
793 3080 901 3130 sine
954 3079 1038 3132 off.
1090 3081 1150 3145 8,
1202 3078 1436 3132 demeriti
1489 3078 1565 3142 3.,
1617 3077 1667 3128 in
1721 3076 1921 3147 magist.
1972 3075 2113 3146 publ.
2169 3077 2247 3128 17.
2301 3076 2463 3129 curati
2511 3077 2632 3144 428,

235 3169 421 3222 mortui
462 3169 526 3241 (a.
571 3167 731 3238 1864)
778 3168 857 3218 12.
933 3166 1094 3218 Arch.
1137 3165 1322 3219 Gnesn.
1360 3184 1459 3216 sac.
1499 3166 1619 3228 260,
1659 3154 1846 3216 mortui
1872 3163 1921 3228 8,
1963 3163 2123 3214 curati
2150 3164 2272 3216 245.
2345 3163 2408 3215 In
2440 3163 2634 3215 duabus

238 3256 430 3308 archid.
472 3254 647 3307 unitis:
703 3272 801 3304 sac.
842 3271 966 3304 saec.
1007 3254 1142 3319 739,
1182 3270 1290 3322 reg.
1330 3253 1427 3316 25,
1466 3250 1497 3304 i.
1535 3269 1574 3302 s.
1613 3250 1746 3315 764,
1802 3248 1962 3300 curati
2001 3250 2119 3301 673.

390 3343 451 3394 V.
490 3339 881 3412 Reyulares.
958 3339 1023 3389 A.
1061 3338 1320 3408 Reliyiosi.
1395 3338 1439 3389 1.
1478 3335 1774 3390 Oratoriani
1825 3334 1904 3405 (S.
1947 3333 2179 3408 Philippi
2217 3334 2366 3406 Neri)
2423 3338 2445 3388 1
2502 3335 2670 3401 ooll.,.

241 3433 274 3483 8
313 3449 410 3481 sac..
453 3461 517 3468 -—
557 3428 607 3479 2.
645 3428 874 3480 Reform.
914 3429 946 3478 2
987 3443 1130 3477 coms.
1175 3427 1197 3476 1
1242 3443 1336 3477 res.
1379 3425 1446 3476 14
1481 3442 1539 3490 s.,
1576 3424 1611 3475 8
1648 3421 1711 3475 cl.
1750 3441 1816 3494 p.,
1859 3426 1889 3473 5
1927 3422 1959 3474 l.
1986 3441 2054 3493 p.,
2097 3424 2198 3474 1n.
2227 3440 2292 3493 p.,
2330 3422 2362 3476 i.
2387 3441 2427 3475 s,
2452 3424 2539 3476 28.
2568 3454 2634 3463 -

244 3517 297 3568 3.
340 3514 596 3568 Dominio.
640 3516 663 3566 1
706 3533 830 3580 res.,
871 3514 902 3565 3
940 3531 978 3563 s.
1017 3543 1087 3550 ——-
1125 3510 1341 3563 Summa
1378 3511 1463 3563 39.

388 3603 448 3654 Β.
489 3601 787 3671 Reliyiosae.
862 3599 906 3651 1.
954 3597 1123 3650 Ursa-l.
1166 3598 1189 3648 1
1233 3605 1445 3650 monast.
1484 3595 1554 3648 38
1590 3613 1656 3646 m.
1697 3625 1762 3633 --
1801 3595 1852 3646 2.
1894 3594 1994 3647 Fil.
2023 3593 2129 3655 ,SS.
2159 3593 2313 3647 Cord.
2339 3593 2470 3648 Jesu
2511 3595 2533 3647 1
2567 3593 2635 3661 da,

247 3690 329 3740 34.
371 3721 436 3727 —
475 3687 526 3739 3.
567 3686 679 3741 Sor.
719 3705 819 3738 car.
858 3685 912 3739 S.
951 3684 1101 3736 Vino.
1146 3684 1201 3735 11
1249 3683 1312 3749 d.,
1352 3685 1436 3735 59.
1473 3714 1543 3722 -—
1579 3682 1630 3732 4.
1670 3679 1809 3734 Mon.
1849 3680 1906 3735 S.
1939 3680 2062 3733 Elis.
2093 3681 2113 3732 1
2149 3679 2213 3744 d.,
2250 3681 2298 3732 4.
2337 3713 2405 3719 —
2443 3683 2492 3733 5.
2521 3680 2636 3736 Sor.

250 3775 407 3827 schol.
444 3793 596 3846 paup.
635 3773 689 3827 S.
728 3773 950 3843 August.
994 3772 1019 3824 1
1061 3770 1128 3836 d.,
1167 3772 1214 3838 2⁴.
1256 3802 1322 3810 -
1362 3769 1576 3822 Smnma
1617 3769 1734 3820 138.

955 3856 1170 3911 Summa
1206 3857 1431 3910 omnium
1466 3854 1782 3927 requlariwm
1824 3855 1940 3912 177.
