2670 4126
1326 341 1374 406 ξ.
1448 339 1497 391 2.

1076 456 1170 512 De
1214 466 1364 514 statu
1409 461 1733 515 animarum.

350 597 604 669 Reqistra,
646 615 776 667 quae
813 604 1080 663 vocantur,
1118 608 1279 649 status
1316 597 1496 662 civilis,
1549 597 1613 650 de
1651 597 1798 663 natis,
1838 595 2070 663 mortuiS,
2110 596 2466 667 matrimoniis,
2499 600 2613 652 sive

207 686 450 738 matricae
472 684 899 756 baptismatorum
929 685 1002 753 (et
1027 686 1304 755 natorum),
1343 693 1678 750 mortuorum,
1706 683 2090 756 copulationum
2116 683 2284 754 quoad
2313 683 2611 740 Catholicos

207 793 236 824 a
274 773 397 826 solis
452 772 689 844 parochis
741 771 1096 837 conficiuntur,
1149 780 1199 824 et
1250 771 1462 842 quidem
1515 771 1689 843 dupla.
1781 770 1960 826 Unum
1998 770 2266 842 exemplar
2301 771 2356 822 in
2391 772 2615 825 archivio

205 861 415 932 paroch.
468 867 772 926 asservatur,
823 858 1044 911 alterum
1086 859 1362 929 quotannis
1415 858 1775 912 Ordinariatui
1814 858 2192 910 transmittitur.
2266 858 2526 930 Inspectio
2564 869 2617 912 et

205 946 389 1000 revisio
446 946 710 999 ordinaria
768 945 1042 1016 quotannis
1099 964 1195 1016 per
1251 946 1468 998 decanos
1519 946 1716 998 rurales
1768 964 1975 999 necnon
2024 945 2160 1017 apud
2212 945 2615 1015 Ordinariatum,

203 1033 608 1086 extraordinaria
646 1032 700 1084 in
738 1041 857 1085 actu
893 1032 1200 1084 visitationis
1240 1033 1543 1105 episcopalis
1581 1051 1675 1103 per
1701 1031 2040 1086 Ordinarium
2078 1032 2162 1086 vel
2188 1031 2614 1086 Commissarium

205 1120 500 1192 delegatum
539 1119 837 1172 instituitur.

348 1207 586 1278 Singulis
625 1207 772 1259 annis
798 1206 1024 1278 parochi
1073 1206 1288 1259 tabellas
1328 1206 1585 1259 confectas
1635 1223 1729 1278 pro
1769 1205 2085 1258 districtibus
2135 1205 2375 1278 politicis,
2432 1205 2617 1277 quibus

204 1295 448 1366 parochia
497 1303 717 1360 tenetur,
767 1293 1093 1365 magistratui
1150 1293 1289 1346 civili
1326 1294 1537 1347 tradere
1589 1293 1814 1346 debent:
1894 1293 1948 1364 1)
1989 1293 2055 1345 de
2094 1293 2238 1345 obitu
2277 1291 2616 1365 pupillorum.

203 1382 259 1453 2)
300 1382 616 1452 consignatio
654 1381 879 1453 prolium
921 1382 1038 1452 (pro
1077 1381 1469 1452 vaccinatione).
1544 1381 1600 1452 3)
1641 1380 1964 1451 consignatio
2002 1379 2228 1446 illorum,
2270 1379 2372 1451 qui,
2395 1387 2614 1434 aetatem

205 1469 481 1522 militarem
507 1469 804 1539 attigerunt.
891 1469 948 1540 4)
989 1486 1147 1540 super
1174 1476 1309 1521 statu
1335 1468 1680 1541 populationis
1721 1467 1865 1539 (nati,
1905 1466 2110 1534 mortui,
2149 1456 2616 1538 matrimoniaeet.)

205 1557 484 1610 secundum
547 1556 754 1609 schema
814 1556 1206 1628 praescriptum.
1306 1555 1635 1609 Documenta
1689 1555 1878 1626 legalia
1935 1554 2189 1626 baptismi,
2228 1554 2423 1622 mortiS,
2462 1572 2618 1626 copu-

206 1644 409 1696 lationis
449 1652 542 1695 cet.
582 1663 610 1694 a
648 1642 889 1714 parochis
930 1643 1337 1695 conscribuntur.

347 1731 561 1784 Praeter
611 1731 865 1796 mati-icas,
918 1749 1044 1800 quas
1084 1730 1362 1797 nominavi,
1414 1729 1630 1802 parochi
1668 1737 1847 1783 tenere
1887 1729 2081 1781 debent
2120 1728 2309 1781 librum
2346 1727 2615 1781 denuntia-

214 1818 410 1870 tionum
448 1817 906 1871 matrimonialium
947 1826 998 1870 et
1035 1817 1287 1870 examinis
1326 1836 1650 1889 sponsorum.

1329 1981 1374 2045 ξ.
1451 1978 1498 2029 3.

1246 2099 1340 2153 De
1394 2099 1570 2156 Olera.

346 2253 389 2305 Ι.
445 2253 835 2306 Educatio.
929 2254 976 2304 1.
1035 2252 1335 2305 Seminaria
1362 2271 1649 2323 puerorum
1685 2260 1801 2323 post
1851 2269 2043 2303 annum
2083 2251 2239 2318 1849,
2277 2258 2335 2302 ut
2371 2249 2612 2322 equidem

204 2341 326 2407 scio,
387 2340 440 2391 in
496 2339 732 2412 plurimis
791 2339 1116 2392 dioecesibus
1169 2323 1354 2405 erecta,
1413 2340 1506 2391 sub
1557 2339 1668 2392 sola
1716 2337 2111 2391 Ordinariorum
2162 2337 2446 2390 directione
2481 2345 2615 2391 sunt.

203 2426 442 2479 Fundata
497 2435 616 2479 sunt
671 2427 954 2478 maximum
1011 2445 1077 2479 ex
1133 2426 1279 2478 donis
1335 2425 1744 2498 Episcoporum,
1816 2425 2158 2496 capitulorum
2226 2424 2508 2477 aliorumve
2564 2431 2618 2478 et

148 2558 153 2567 .
207 2522 563 2566 sustentantur
615 2515 806 2585 partim
842 2513 1013 2566 reditu
1063 2513 1210 2565 fundi
1247 2513 1423 2584 ipsius,
1473 2513 1662 2584 partim
1700 2512 1926 2578 summis,
1979 2531 2106 2582 quas
2146 2510 2430 2578 Ordinarii,
2468 2527 2616 2563 cano-

208 2601 309 2653 nici
358 2600 511 2652 aliive
562 2600 854 2671 presbyteri
905 2583 1179 2670 quotannis
1228 2599 1520 2653 voluntarie
1570 2600 1789 2652 solvunt.
1882 2598 2101 2652 Alumni
2149 2599 2470 2674 plerumque,
2519 2585 2614 2648 ulii

205 2687 517 2740 contrarium
569 2688 766 2740 obtinet
815 2706 906 2740 suo
956 2688 1067 2739 loco
1107 2687 1321 2752 dicetur,
1370 2686 1425 2738 in
1451 2687 1739 2757 *gymnasio
1778 2686 1987 2759 publico
2025 2680 2364 2740 instruuntur.
2459 2680 2521 2737 Si
2557 2681 2611 2734 in

206 2775 316 2846 ipsa
353 2774 503 2827 domo
552 2776 887 2841 instruantur,
943 2774 1235 2826 institutum
1282 2776 1544 2845 yymnasii
1569 2775 1773 2845 publici
1811 2773 2117 2847 qualitatem
2153 2771 2265 2824 solo
2307 2768 2615 2837 „Ministerii

209 2867 401 2914 status“
455 2861 660 2914 decreto
688 2861 889 2934 accipit.
965 2860 1171 2925 Quodsi
1207 2861 1342 2912 hanc
1379 2861 1680 2931 qualitatem
1716 2879 1822 2912 non
1858 2858 2168 2929 acquisierit,
2207 2877 2438 2924 examen,
2477 2855 2616 2928 quod

208 2957 417 3001 vocatur
453 2950 780 3014 maturitati3‚
820 2948 873 2999 in
912 2947 1186 3018 gymnasio
1226 2965 1463 3000 caesareo
1499 2948 1648 3018 regio
1687 2947 1858 3000 locum
1895 2945 2063 2997 habet.

352 3037 399 3087 2.
456 3034 727 3105 Episcopis
777 3035 998 3086 liberum
1050 3043 1141 3101 est,
1202 3052 1333 3104 quos
1385 3034 1574 3104 dignos
1625 3033 1935 3099 existiment,
2001 3030 2256 3095 ordinare,
2316 3049 2478 3101 quum
2527 3029 2615 3098 lex

210 3121 373 3174 civilis
411 3121 691 3173 secundum
734 3118 1038 3174 Concordati
1076 3131 1168 3172 art.
1208 3120 1303 3173 IV.
1330 3120 1403 3172 lit.
1430 3120 1479 3172 b.
1519 3139 1738 3173 canones
1776 3138 1906 3192 pure
1943 3127 2203 3189 agnoscat.
2279 3115 2616 3186 Generafflr

212 3207 278 3260 ad
317 3208 589 3280 theoloqiae
624 3207 849 3260 studium
886 3226 990 3259 non
1027 3207 1370 3259 admittuntur
1402 3205 1499 3258 nisi
1539 3207 1628 3278 qui
1664 3206 1925 3279 gymnasii
1963 3205 2147 3258 classes
2186 3205 2320 3258 bene
2356 3201 2613 3284 sewffibl-

214 3295 346 3347 visse
401 3303 451 3347 et
489 3302 712 3346 maturos
753 3313 879 3360 esse,
938 3294 1178 3346 examine
1217 3292 1422 3365 publico
1478 3293 1783 3346 maturitatis
1831 3292 2196 3364 probaverunt.
2288 3290 2399 3347 Sed
2430 3305 2612 3353 regner-

216 3381 394 3433 dotum
450 3381 772 3452 potissimum
821 3389 1043 3451 urgente
1100 3379 1314 3451 penuria.
1367 3379 1560 3432 factum
1616 3387 1710 3445 est,
1765 3386 1823 3431 ut
1878 3379 1931 3430 in
1980 3378 2249 3451 permultis
2298 3373 2612 3433 dioecesibus

209 3468 426 3537 juvenes
483 3467 538 3518 in
574 3467 843 3520 seminario
899 3466 1228 3538 recipiantur,
1285 3465 1375 3536 qui
1422 3465 1549 3518 illud
1603 3484 1819 3520 examen
1873 3484 1976 3518 non
2032 3463 2401 3538 superaverint,
2457 3461 2613 3515 immo

218 3554 479 3607 interdum
515 3573 757 3607 numerus
796 3555 980 3607 horum
1019 3562 1227 3626 superet
1265 3571 1458 3618 eorum,
1499 3552 1588 3622 qui
1624 3552 1813 3605 maturi
1849 3553 1952 3605 sint
1991 3550 2250 3606 declarati.

364 3643 412 3694 3.
452 3642 556 3694 Pro
605 3641 898 3711 theologiae
950 3640 1120 3694 studio
1157 3647 1246 3693 aut
1285 3638 1603 3706 „Facultates
1641 3639 1972 3711 theoloqicae“
2025 3646 2114 3693 aut
2170 3636 2466 3706 „Instincti
2484 3632 2612 3689 theo-

222 3725 386 3796 loyiae
435 3728 763 3781 dioecesaua“
817 3735 953 3780 sunt.
1050 3726 1378 3780 Professores
1413 3743 1456 3780 xe
1493 3726 1654 3778 fundo
1693 3727 1981 3780 studiorum
2014 3721 2301 3778 mercedem
2338 3719 2611 3793 accipiunt,

223 3813 305 3863 cui
342 3832 371 3863 a
408 3813 566 3867 fundo
605 3814 870 3884 religionis
907 3812 1207 3866 restituitur.
1291 3813 1648 3866 Professorum
1686 3812 1981 3868 nominatio
2002 3810 2172 3882 quoad
2208 3808 2439 3866 instituta
2476 3805 2612 3860 dioe-

225 3916 406 3952 cesana
442 3899 495 3950 in
520 3900 681 3954 libero
709 3900 1105 3954 Ordinariorum
1141 3907 1217 3954 est
1239 3899 1466 3966 arbitriO,
1508 3918 1724 3971 quorum
1751 3917 1901 3969 porro
1920 3906 2015 3965 est,
2053 3894 2340 3949 studiorum
2365 3892 2611 3946 rationem
