2670 4126
2431 182 2515 226 135

105 309 357 379 fessionis,
408 310 663 381 parochus
716 311 994 366 catholicus
1044 308 1301 379 obligatus
1340 318 1431 362 est.
1506 310 1887 382 Inspectionem
1930 308 2098 382 quoad
2135 309 2514 366 institutionem

12 385 27 411 ²
104 396 398 468 religiosam
455 398 592 468 gerit
650 397 1011 452 Ordinariatus
1068 404 1118 448 et
1171 396 1526 450 ministerium.
1620 397 1885 468 Inspectio
1944 396 2151 450 scholae
2207 396 2390 451 localis
2438 407 2516 452 est

105 483 377 551 „curatorii
432 484 610 537 localis
666 484 1008 551 scholastici“,
1065 483 1206 552 cujus
1264 485 1493 536 membra
1529 484 1743 556 parochi
1792 503 1856 538 ex
1907 484 2025 555 lege
2073 491 2220 551 sunt3
2284 484 2340 536 in
2378 504 2513 538 com-

104 571 345 625 missione
396 571 725 625 districtualis
776 571 963 625 scholis
1012 570 1346 642 inspiciendis
1397 571 1499 624 duo
1552 572 1841 624 sacerdotes
1893 580 2012 624 sunt
2062 571 2272 643 (quodsi
2309 571 2514 625 scholae

50 646 57 657 '¹
103 658 422 711 diversarum
478 654 852 712 confessionum
908 658 1023 722 sint,
1085 675 1150 709 ex
1210 666 1425 729 utraque
1481 660 1635 730 unus)
1695 679 1725 710 a
1776 659 2063 712 ministerio
2115 658 2419 712 nominandi
2458 659 2512 711 in

87 738 539 818 quinquennium,
601 746 694 812 „in
743 746 953 799 consilio
1002 743 1157 798 schol.
1210 753 1486 818 supremo“
1546 765 1675 798 unus
1726 746 1967 800 sacerdos
2021 747 2152 799 cath.
2193 765 2305 800 esse
2343 746 2511 803 debet.

100 834 378 888 Methodus
436 832 653 887 docendi
688 832 1010 904 religionem,
1068 831 1248 884 modus
1299 833 1604 905 inspiciendi
1645 842 1736 887 cet.
1791 836 1910 906 lege
1949 834 2088 887 civili
2128 835 2512 888 accuratissime

100 921 519 994 praescribuntur
573 921 660 988 ita,
718 930 776 974 ut
826 919 1140 993 praescripta
1188 919 1355 972 civilia
1405 921 1758 976 ecclesiasticis
1811 921 2068 976 contraria
2118 940 2231 975 esse
2268 922 2371 976 dici
2407 941 2510 975 non

98 1008 271 1081 possit,
309 1007 482 1080 legem
519 1008 719 1061 civilem
759 1025 883 1061 vero
922 1006 1179 1073 ordinare,
1236 1026 1366 1078 quae
1405 1009 1650 1063 ecclesiae
1690 1010 1807 1080 sint,
1846 1018 1986 1064 recte
2023 1009 2323 1064 affirmetur.

237 1123 337 1176 IX.
410 1123 821 1178 Administratio.
911 1126 956 1177 1.
1013 1122 1386 1178 Ordinariatus
1436 1127 1589 1199 episc.
1661 1127 1853 1199 (Episc.
1906 1126 2166 1199 praeside)
2225 1146 2342 1181 cum
2392 1126 2510 1180 Vic.

94 1229 210 1282 gen.
267 1212 432 1284 (cujus
488 1211 661 1265 locum
715 1211 955 1264 Decanns
1004 1211 1284 1265 secundum
1337 1213 1530 1266 bullam
1591 1214 1851 1281 „Provida
1905 1215 2207 1286 solersque“
2272 1214 2508 1270 obtineat

96 1306 335 1371 oportere
373 1298 577 1351 videtur
615 1307 665 1352 et
705 1299 970 1370 hucusque
1007 1317 1211 1370 semper
1250 1300 1470 1354 decanus
1510 1302 1754 1374 obtinuit)
1806 1311 1870 1359 etv
1896 1322 2006 1359 can.
2047 1303 2256 1375 capitul.
2295 1303 2513 1374 aliisque

95 1386 350 1453 membris,
410 1387 434 1438 1
493 1395 674 1440 secret.
767 1389 815 1440 2.
871 1386 1232 1440 Cbnsistorium
1282 1408 1319 1440 S.
1371 1389 1598 1443 tribunal
1636 1391 1812 1444 eccles,
1852 1410 1968 1443 cum
2008 1390 2191 1457 offla,
2251 1393 2284 1445 6
2334 1390 2512 1444 consil.

95 1491 312 1545 quorum
368 1492 500 1526 unus
556 1482 608 1527 et
663 1473 940 1527 defensoris
990 1474 1240 1543 matrim,
1315 1497 1447 1532 unus
1515 1478 1667 1532 etiam
1724 1478 1987 1533 secretarii
2053 1478 2282 1533 officium
2339 1479 2510 1545 habet,

94 1562 117 1613 1
163 1568 419 1633 procurat.
472 1579 758 1614 causarum.
833 1562 881 1614 3.
927 1560 1145 1615 Cancell.
1196 1566 1346 1635 episc.
1400 1585 1515 1619 cum
1560 1568 1584 1618 1
1628 1566 1834 1637 registr.
1877 1568 1901 1618 1
1949 1565 2134 1639 exped.
2176 1567 2200 1618 1
2262 1565 2510 1623 ministrO.

89 1650 140 1701 4.
186 1647 430 1721 Officium
466 1647 914 1702 administrandae
950 1648 1221 1708 dotationis
1276 1656 1618 1726 episcopatu33
1669 1672 1765 1727 pro
1805 1673 2010 1725 quoque
2047 1653 2208 1707 fundo
2262 1653 2508 1726 (fabricae

90 1735 211 1790 ecel.
251 1735 502 1803 cathedr·,
558 1754 707 1789 arcae
759 1736 909 1807 capit·
949 1744 1000 1789 et
1036 1736 1181 1795 fundi
1233 1744 1539 1816 presbyter,
1599 1742 1859 1796 seminarii
1900 1741 2070 1814 fundi)
2115 1742 2140 1794 1
2184 1741 2507 1813 respiciente,

95 1825 118 1876 1
161 1841 317 1891 seen,
373 1825 396 1876 1
441 1822 739 1890 architecta,
778 1826 811 1876 2
850 1823 1089 1876 rationar.

237 1946 308 2001 X.
384 1946 465 2000 De
501 1947 642 2001 bonis
680 1948 1038 2001 ecclesiasticis.

232 2076 276 2108 a.
313 2055 758 2110 Administrantur
786 2059 918 2112 bona
930 2058 1180 2130 fabricae
1206 2068 1251 2110 et
1261 2057 1644 2130 fundationum
1669 2056 1996 2127 singularum
2023 2055 2385 2128 parochiarum
2408 2064 2503 2110 cet.

87 2144 180 2197 sub
219 2143 578 2198 Ordinariatus
617 2153 666 2197 et
702 2165 902 2198 summa
939 2144 1206 2199 ministerii
1244 2144 1563 2215 inspectione
1601 2164 1632 2196 a
1670 2143 1897 2212 oonsilio,
1939 2144 2084 2216 cujus
2116 2143 2349 2196 membra
2383 2152 2504 2197 sunt

88 2250 150 2286 eo
186 2232 333 2304 ipso:
373 2233 425 2303 a)
451 2233 706 2303 parochus
746 2233 853 2305 (vel
893 2232 1296 2303 administrator)
1337 2231 1422 2284 vel
1461 2232 1639 2304 plures
1673 2231 1962 2284 beneficiati
2001 2231 2180 2296 curati,
2219 2231 2276 2303 b)
2319 2232 2502 2285 consul

86 2320 184 2387 vel,
236 2320 279 2372 si
318 2320 497 2374 consul
534 2320 741 2374 alterius
794 2320 1130 2374 confessionis
1182 2320 1262 2386 sit,
1314 2338 1447 2372 unus
1498 2338 1525 2372 e
1574 2319 1898 2373 senatoribus
1937 2319 2022 2372 vel
2061 2318 2190 2371 alius
2229 2318 2293 2371 ab
2332 2318 2502 2373 officio

86 2407 222 2459 civili
278 2406 538 2462 districtus
595 2408 952 2462 nominandus.
1043 2408 1316 2461 Accedunt
1379 2407 1432 2459 in
1489 2407 1969 2474 communitatibuS,
2036 2426 2253 2478 quarum
2304 2406 2501 2460 incolas

86 2496 228 2548 2000
266 2513 371 2548 non
409 2495 669 2565 attingunt
707 2507 818 2563 tres,
857 2496 912 2550 in
950 2486 1398 2548 communitatibus
1426 2495 1564 2547 hunc
1586 2514 1859 2548 numerum
1886 2495 2249 2567 superantibus
2276 2497 2500 2569 quinque

84 2581 321 2635 catholici
359 2580 515 2654 supra
553 2583 638 2635 30.
694 2583 871 2636 aetatis
910 2602 1131 2649 annum,
1182 2583 1387 2654 integra
1424 2583 1588 2649 fama,
1640 2601 1670 2634 a
1710 2583 2076 2637 communitate
2112 2581 2266 2636 modo
2304 2590 2496 2636 statuto

86 2668 332 2740 eligendi.
407 2668 605 2723 Omnes
644 2669 983 2725 alienationes
1021 2678 1114 2723 cet.
1155 2671 1308 2723 etiam
1348 2669 1589 2741 gubernii
1628 2688 1935 2724 consensum
1975 2670 2327 2744 expostulant.

227 2756 275 2808 b.
314 2755 531 2809 Fructus
567 2758 901 2811 intercalares
940 2757 1267 2830 [beneficium
1316 2776 1502 2810 vacans
1541 2756 1928 2810 administratur
1964 2758 2020 2811 in
2057 2757 2431 2830 temporalibus
2467 2778 2499 2811 a

83 2842 289 2914 speciali
327 2843 631 2915 rationario]
684 2843 916 2898 deductis
957 2844 1198 2918 expensis
1249 2845 1304 2897 in
1347 2844 1607 2918 „fundum
1644 2845 1808 2898 eccles.
1848 2846 1978 2899 cath.
2015 2845 2342 2918 yeneraleon“
2383 2864 2502 2900 con-

81 2937 381 2998 vertuntur3
439 2939 590 2984 taxae
627 2932 807 3000 stolae,
862 2931 1119 2985 manualia
1159 2940 1209 2985 et
1260 2932 1516 3004 stipendia
1554 2932 1753 2999 missae,
1811 2940 1966 2986 taxae
2021 2951 2119 3006 pro
2176 2932 2495 3000 tes'timoniiS,

83 3014 362 3069 oblationes
400 3017 576 3071 vicarii
614 3027 748 3086 sunt,
788 3038 896 3073 non
935 3018 1250 3073 dividuntur.

175 3158 178 3161 ,
227 3121 269 3156 c.
308 3102 521 3157 Fundus
557 3106 810 3177 qeneralis
860 3107 911 3178 a)
951 3106 1201 3160 formatur
1238 3124 1303 3160 ex
1342 3107 1556 3178 antiquo
1594 3107 1755 3161 fundo
1793 3106 2024 3160 intercal.
2060 3106 2302 3179 paroch,
2342 3106 2498 3161 inter-

84 3188 235 3241 calar.
285 3191 511 3244 omnium
557 3193 935 3260 beneficiorum,
988 3193 1216 3266 exceptis
1254 3194 1560 3265 praebendis
1600 3194 1984 3267 capitularibUS,
2035 3212 2102 3247 ex
2140 3193 2343 3246 tributis
2383 3194 2493 3265 qui-

82 3275 297 3328 busdam
350 3277 822 3348 („Cathedratico“‚
884 3300 1127 3347 „nummo
1178 3280 1608 3351 quinquagesimo
1659 3290 1710 3335 et
1747 3281 2017 3352 ferdone“)
2073 3300 2103 3332 a
2139 3280 2491 3334 sacerdotibus

83 3362 339 3416 solvendis
379 3373 428 3417 et
469 3365 774 3435 quibusdam
813 3369 925 3420 aliis
964 3368 1241 3435 reditibus3
1294 3369 1350 3438 b)
1391 3367 1776 3422 administratur
1813 3388 1844 3421 a
1881 3367 2136 3439 gubernio
2174 3366 2489 3421 ordinariatu

82 3448 233 3502 simul
270 3442 587 3524 inspiciente,
628 3454 677 3523 c)
716 3454 1032 3527 impenditur
1070 3455 1134 3507 ad
1173 3473 1232 3507 ea
1271 3455 1450 3508 eccles,
1490 3456 1623 3509 cath.
1663 3456 1951 3510 necessaria
1989 3455 2318 3527 praestanda,
2358 3474 2490 3527 quae

83 3535 212 3587 nulli
267 3555 333 3590 ex
385 3538 516 3608 juris
576 3539 727 3593 titulo
783 3541 1102 3608 incumbunt,
1161 3551 1212 3596 et
1263 3541 1500 3614 quidem:
1559 3563 1656 3615 pro
1709 3542 1908 3597 clericis
1960 3543 2195 3607 emeritae,
2248 3542 2487 3614 augendo

81 3621 383 3677 vicariorum
435 3634 487 3678 et
537 3626 911 3694 capellanorum
951 3628 1155 3692 salario,
1211 3647 1306 3701 pro
1346 3631 1766 3702 cooperatoribus
1804 3628 2017 3696 alendis,
2057 3629 2100 3682 si
2136 3629 2393 3701 parochus
2430 3630 2487 3684 in

81 3707 287 3778 longius
337 3718 538 3783 tempus
577 3731 787 3766 munere
823 3714 972 3784 fungi
1008 3724 1243 3787 nequeat,
1302 3717 1553 3770 vicarium
1592 3718 1775 3771 dotare
1813 3717 2049 3789 incapax,
2088 3716 2154 3768 ad
2190 3716 2487 3788 theologiae

82 3793 335 3849 studiosos
373 3798 710 3868 adjuvandOS,
763 3800 829 3853 ad
867 3801 1184 3870 adjuvandos
1225 3802 1438 3857 clericos
1476 3805 1656 3858 morbo
1705 3803 1791 3857 vel
1827 3804 1945 3858 aliis
1983 3803 2280 3859 infortuniis
2316 3805 2486 3861 subito

83 3889 314 3952 egestate
348 3882 645 3939 loborantes
685 3886 814 3958 (sive
850 3895 1025 3942 mutuo
1062 3888 1171 3942 sive
1209 3889 1397 3961 donis).
