2670 4126
191 101 247 144 60

334 233 488 287 VIII.
529 235 754 290 Scholae.
830 234 1004 300 Quum
1045 235 1289 292 dioecesis
1328 259 1444 293 cum
1482 240 1670 294 ducatu
1699 239 1975 294 Carniolae
2000 251 2265 315 congruat,
2304 246 2350 312 ξ.
2378 244 2444 296 15
2471 261 2584 316 sqq.

188 320 391 373 notitias
428 323 742 375 necessarias
781 323 1019 376 offerunt.

332 408 431 462 IX.
468 410 877 464 Administratio.
956 413 1001 464 1.
1046 412 1409 469 Consi-storiam
1447 433 1562 467 eum
1601 414 1715 467 Vie.
1753 432 1870 485 gen.
1909 422 1960 467 et
1999 415 2068 467 14
2093 414 2286 470 Consil.
2359 421 2410 472 2.
2452 417 2585 471 Gan-

189 496 402 549 cellaria
441 498 587 567 episc.
627 515 743 549 cum
785 497 1042 566 Cancell,
1082 503 1115 553 2
1155 501 1333 572 capell.
1373 501 1524 572 episc.
1599 503 1647 554 3.
1695 502 1946 555 Tribunal
1981 504 2203 558 matrim.
2241 523 2356 558 cum
2391 505 2583 571 Praes„

186 585 224 636 4
261 583 431 651 Cons,
470 587 502 637 2
542 582 698 637 ConS.
736 585 935 638 substit.
981 589 1000 638 1
1049 587 1150 640 def.
1190 595 1335 640 matr.
1381 590 1404 640 1
1447 597 1629 645 secret.
1702 589 1861 642 Anno
1902 590 2040 642 1862
2078 596 2325 643 tractatae
2358 599 2478 646 sunt
2515 593 2576 646 11
2666 572 2670 575 .

188 690 368 723 causae
406 689 508 741 sep.
547 690 577 722 a
614 671 765 725 thoro
805 681 856 727 et
893 692 1084 727 mensa.

329 757 396 809 X.
434 757 648 812 Fundus
680 760 825 831 reliq.
866 760 1143 816 Carniolae
1181 763 1337 815 habet
1373 762 1518 815 redit.
1556 765 1779 829 88928,
1818 782 2017 834 empem.
2061 763 2300 816 137322.

440 843 653 900 Fundus
687 847 899 902 studior.
1005 889 1031 915 „
1250 889 1276 915 „
1435 888 1462 914 „
1564 850 1786 916 31.737,
1900 890 1926 917 „
2091 849 2302 904 49.074.

1280 1011 1330 1076 ξ..
1401 1008 1485 1061 39.

555 1130 613 1191 G.
706 1132 995 1188 Dioecesis
1044 1130 2222 1202 Terqestina-Justinopolitana.

938 1232 1829 1307 [Triest—Capodz‘stria).

328 1371 412 1430 Ex
450 1391 494 1424 a.
535 1373 642 1425 524
678 1372 744 1423 ad
781 1391 824 1425 a.
876 1372 1015 1426 1788
1052 1372 1213 1425 dioec.
1251 1371 1562 1441 Tergestina
1598 1371 1777 1424 habuit
1815 1373 1882 1426 79
1923 1371 2076 1444 episc.
2149 1372 2216 1425 A.
2263 1373 2403 1428 1788
2447 1373 2584 1429 dioe—

184 1459 311 1511 cesis
361 1458 518 1530 Terg.
569 1459 712 1511 unita
761 1467 836 1512 est
885 1458 1244 1525 Gradiseensi‚
1299 1460 1439 1511 1790
1487 1477 1609 1512 vero
1657 1460 1904 1512 lestituta.
1977 1460 2155 1513 Dioec.
2207 1459 2470 1534 Justinop.
2520 1463 2584 1516 ab

181 1565 226 1598 a.
269 1547 588 1617 524-1810
624 1547 804 1599 habuit
844 1549 910 1600 52
939 1546 1203 1618 episcopos
1242 1547 1328 1617 (ab
1355 1566 1399 1598 a.
1428 1547 1747 1599 948-1187
1776 1546 1839 1598 ab
1865 1547 2019 1619 episc
2048 1547 2204 1617 Terg.
2232 1547 2586 1602 administrata

181 1633 333 1705 fuit),
394 1634 583 1687 deinde
621 1633 767 1687 Sedes
804 1634 1022 1686 vacabat
1059 1653 1220 1704 usque
1258 1634 1322 1686 ad
1367 1654 1410 1686 a.
1454 1635 1619 1702 1831,
1679 1654 1779 1705 quo
1816 1634 1867 1686 in
1906 1642 2209 1708 pelpetuum
2247 1634 2586 1705 Tergestinae

182 1729 259 1773 est
295 1722 437 1775 unita
474 1741 568 1795 per
605 1721 984 1793 aequalitatem.
1025 1723 1166 1774 84tus
1147 1721 1364 1795 sepiso.
1401 1729 1478 1773 est

440 1809 1011 1863 Bartholomaeus
1049 1808 1296 1879 Legat,
1335 1816 1486 1861 natus
1527 1810 1608 1861 16.
1641 1808 1782 1879 Aug.
1811 1808 1965 1876 1807,
2005 1808 2114 1862 ord.
2148 1810 2226 1861 19.
2253 1808 2398 1883 Sept.
2426 1811 2585 1878 1830,

582 1896 856 1951 inthroniS.
898 1898 979 1949 18.
1016 1894 1147 1968 Apr.
1191 1897 1343 1949 1847.

439 1985 651 2038 Mensa:
706 1985 839 2037 bona
874 1984 1084 2057 propria
1121 1992 1172 2038 et
1208 1983 1373 2055 suppl.
1414 2002 1442 2037 e
1478 1983 1637 2037 fundo
1682 1984 1771 2037 rel.
1824 1986 1980 2038 7,540
2016 1986 2065 2038 fl.
2154 1985 2306 2038 Tama
2354 2004 2587 2039 camerae

586 2091 723 2138 „non
760 2072 866 2124 fixa
903 2080 954 2125 et
989 2071 1254 2144 speciatim
1291 2071 1709 2124 determinatur.“

324 2158 367 2213 I.
408 2160 575 2213 Situs:
632 2160 876 2214 Continet
913 2160 1170 2212 civitatem
1219 2167 1270 2212 et
1319 2158 1631 2212 territorium
1669 2157 1902 2230 Tergest.
1950 2166 2001 2211 et
2049 2166 2221 2231 partes
2276 2159 2586 2214 circulorum

186 2244 518 2318 Mitterburg.
559 2248 777 2319 (Pisino)
818 2256 869 2301 et
907 2247 1107 2314 Gorit.,
1142 2248 1246 2301 mil.
1294 2256 1348 2309 [l
1387 2247 1517 2302 47.4.

326 2334 398 2386 II.
437 2335 706 2388 Dividitur
742 2336 795 2387 in
837 2337 904 2388 14
938 2335 1246 2388 DecanatuS.
1321 2334 1520 2386 Decani
1558 2334 1622 2386 ab
1661 2333 1942 2387 Ordinario
1979 2333 2328 2385 instituuntur.

324 2421 428 2474 III.
469 2423 645 2475 Status
682 2426 1013 2476 animarum:
1050 2423 1200 2477 Cath.
1240 2423 1486 2475 260.082.
1528 2421 1622 2474 Gr.
1661 2441 1708 2473 n.
1751 2422 1870 2487 141,
1910 2439 2035 2472 arm.
2072 2421 2157 2486 30,
2199 2420 2231 2472 i.
2261 2440 2298 2473 s.
2327 2420 2585 2486 260,253;

182 2507 371 2562 Acath.
411 2529 490 2581 gr.
529 2529 666 2564 11.ι1.
721 2513 905 2578 1.,498
963 2510 1091 2562 conf.
1142 2529 1259 2580 aug.
1311 2511 1444 2574 655,
1499 2508 1633 2560 helv.
1685 2509 1816 2574 580,
1874 2507 1904 2559 i.
1955 2527 1994 2559 S.
2046 2508 2204 2561 2733.
2254 2506 2377 2561 Jud.
2428 2508 2585 2560 4029.

187 2594 406 2663 (Omnes
444 2599 555 2651 fere
594 2599 757 2651 acath.
799 2607 850 2651 et
880 2552 990 2668 j'ud.
1027 2598 1082 2650 in
1120 2597 1324 2650 civitate
1361 2596 1518 2666 Terg.
1557 2595 1792 2666 degunt.)

329 2685 425 2741 IV
470 2686 661 2739 Olerus.
735 2706 779 2740 a.
819 2686 1092 2739 Institutio.
1172 2687 1220 2738 1·
1260 2684 1511 2738 Seminar.
1540 2703 1826 2754 puerorum
1874 2681 2033 2735 deest.
2109 2684 2159 2734 2.
2198 2681 2385 2734 Semin.
2428 2679 2587 2734 Cleri-

182 2792 357 2825 corum
408 2773 482 2842 (in
524 2792 625 2844 quo
665 2774 858 2826 alumni
895 2775 944 2826 4.
983 2773 1104 2825 anni
1153 2772 1310 2825 studii
1358 2771 1514 2824 theol.
1568 2770 1788 2840 degunt,
1842 2768 2027 2840 reliqui
2066 2767 2298 2822 Goritiae
2347 2766 2579 2838 student)

182 2879 299 2912 cum
338 2862 371 2912 6
405 2860 576 2927 Profi,
627 2862 662 2913 8
699 2860 931 2913 alumnis.
1005 2860 1055 2913 b.
1095 2860 1200 2912 Pro
1242 2860 1307 2911 13
1347 2857 1594 2910 deficient.
1633 2875 1661 2909 e
1697 2855 1858 2909 fundo
1898 2855 1990 2908 rel.
2029 2855 2297 2906 solvuntur
2334 2854 2489 2907 3203
2527 2853 2579 2906 fl.

326 2965 368 3000 c.
409 2946 597 3000 Status.
638 2948 823 3018 (1863)
862 2967 900 3000 S.
939 2967 978 3000 s,
1016 2947 1138 3012 293,
1177 2964 1214 2998 r.
1259 2946 1342 3011 54,
1380 2944 1411 2996 i.
1451 2963 1490 2996 S.
1530 2943 1649 2996 347.
1725 2941 1840 2996 Sac.
1881 2940 2044 2993 curati
2082 2942 2205 3006 268,
2243 2947 2390 2992 extra
2422 2939 2579 2993 dioec.

185 3033 280 3099 18,
327 3052 482 3086 emer.
519 3052 663 3107 pens,
703 3034 800 3087 def.
843 3035 936 3100 17,
987 3033 1176 3085 mortui
1216 3033 1299 3085 12.
2635 3073 2637 3075 -

328 3121 398 3173 V.
435 3120 734 3192 Reyulares.
808 3121 875 3174 A.
914 3120 1266 3191 Reliqiosi.
1347 3119 1391 3169 1.
1442 3115 1632 3168 Bened.
1677 3117 1697 3167 1
1745 3109 1889 3185 hosp.
1930 3115 1961 3166 3
2001 3133 2038 3166 S.
2079 3117 2110 3167 2
2150 3113 2212 3165 L.
2252 3132 2333 3184 p.,
2381 3113 2414 3164 i.
2451 3130 2491 3165 S.
2531 3115 2581 3164 5.

326 3211 374 3260 2.
413 3207 679 3261 Mechitar.
722 3209 745 3259 1
790 3226 911 3273 res,
955 3208 992 3258 4
1028 3227 1066 3258 s.
1106 3209 1138 3259 2
1179 3205 1240 3260 el.
1282 3225 1330 3256 n.
1368 3204 1401 3255 i.
1440 3224 1477 3255 s.
1518 3205 1565 3254 6.

327 3295 374 3347 3.
414 3294 602 3348 Minor.
641 3297 673 3348 2
713 3313 888 3358 eorm,
933 3294 996 3345 13
1036 3292 1090 3346 S.
1131 3294 1192 3344 11
1236 3291 1298 3343 cl.
1335 3311 1384 3343 n.
1422 3309 1499 3361 pr.
1540 3290 1574 3340 8
1613 3288 1675 3340 L.
1713 3307 1790 3359 p.,
1829 3287 1860 3340 i.
1899 3307 1939 3356 S,
1978 3289 2061 3340 32.

325 3382 373 3433 4.
413 3381 642 3452 Reform.
685 3383 708 3433 1
754 3399 927 3445 eonv.,
972 3380 1037 3430 14
1075 3399 1112 3430 S.
1153 3382 1183 3430 5
1224 3378 1282 3430 L.
1322 3398 1400 3450 p.,
1439 3377 1470 3428 i.
1508 3395 1546 3427 S.
1589 3377 1671 3430 19.

329 3469 375 3519 5.
420 3467 608 3538 Capua.
648 3470 680 3520 2
721 3486 865 3519 conv.
908 3467 928 3517 1
977 3465 1150 3535 hosp.,
1190 3466 1261 3517 20
1298 3485 1336 3517 s.
1375 3467 1408 3517 2
1447 3464 1508 3516 cl.
1547 3480 1598 3514 n.
1637 3482 1687 3532 p.
1731 3461 1797 3512 13
1834 3459 1894 3511 L.
1936 3479 2013 3531 p.,
2050 3459 2083 3511 i.
2121 3478 2158 3510 s.
2198 3458 2283 3509 35.

990 3551 1203 3605 Summa
1238 3550 1641 3621 Religiosorum:
1685 3548 1769 3602 97.
2549 3579 2552 3581 -

329 3642 387 3693 Β.
424 3641 826 3713 Reliqiosae.
906 3641 956 3711 1)
995 3637 1248 3691 Benediet.
1293 3639 1317 3689 1
1358 3655 1522 3702 mon.,
1574 3636 1642 3687 32
1681 3651 1813 3685 mon.
1889 3634 1945 3704 2)
1983 3631 2178 3684 Elisab.
2216 3632 2249 3682 2
2287 3647 2382 3694 m.‚
2421 3629 2504 3679 36.

985 3725 1199 3779 Summa
1235 3723 1640 3794 Religiosarum:
1689 3723 1773 3773 68.
2345 3741 2351 3747 ·

1233 3809 1598 3880 Regularium:
1663 3809 1781 3859 165.
