<?xml version="1.0" encoding="UTF-8"?>
<!DOCTYPE html PUBLIC "-//W3C//DTD XHTML 1.0 Transitional//EN"
    "http://www.w3.org/TR/xhtml1/DTD/xhtml1-transitional.dtd">
<html xmlns="http://www.w3.org/1999/xhtml" xml:lang="en" lang="en">
 <head>
  <title>
</title>
<meta http-equiv="Content-Type" content="text/html;charset=utf-8" />
  <meta name='ocr-system' content='tesseract 3.04.00' />
  <meta name='ocr-capabilities' content='ocr_page ocr_carea ocr_par ocr_line ocrx_word'/>
</head>
<body>
  <div class='ocr_page' id='page_1' title='image "a608058900schuuoft_0142.png"; bbox 0 0 2670 4126; ppageno 0'>
   <div class='ocr_carea' id='block_1_1' title="bbox 211 140 293 190">
    <p class='ocr_par' dir='ltr' id='par_1_1' title="bbox 211 140 293 190">
     <span class='ocr_line' id='line_1_1' title="bbox 211 140 293 190; baseline 0.024 -2"><span class='ocrx_word' id='word_1_1' title='bbox 211 140 293 190; x_wconf 80' lang='lat'><strong>130</strong></span> 
     </span>
    </p>
   </div>
   <div class='ocr_carea' id='block_1_2' title="bbox 207 273 2616 422">
    <p class='ocr_par' dir='ltr' id='par_1_2' title="bbox 207 273 2616 422">
     <span class='ocr_line' id='line_1_2' title="bbox 207 273 2616 354; baseline 0.003 -26"><span class='ocrx_word' id='word_1_2' title='bbox 207 275 319 328; x_wconf 87' lang='lat' dir='ltr'><strong>Viti</strong></span> <span class='ocrx_word' id='word_1_3' title='bbox 377 274 673 330; x_wconf 86' lang='lat' dir='ltr'><strong>Elvacensis</strong></span> <span class='ocrx_word' id='word_1_4' title='bbox 731 273 1071 347; x_wconf 87' lang='lat' dir='ltr'><strong>(Elwangen)</strong></span> <span class='ocrx_word' id='word_1_5' title='bbox 1130 273 1324 328; x_wconf 86' lang='lat' dir='ltr'><strong>nullius</strong></span> <span class='ocrx_word' id='word_1_6' title='bbox 1389 274 1633 329; x_wconf 85' lang='lat' dir='ltr'><strong>dioecesis</strong></span> <span class='ocrx_word' id='word_1_7' title='bbox 1694 274 2081 348; x_wconf 76' lang='lat' dir='ltr'><strong>pertinentibus,</strong></span> <span class='ocrx_word' id='word_1_8' title='bbox 2154 280 2352 335; x_wconf 84' lang='lat' dir='ltr'>Habuit</span> <span class='ocrx_word' id='word_1_9' title='bbox 2391 283 2415 335; x_wconf 91' lang='lat'>1</span> <span class='ocrx_word' id='word_1_10' title='bbox 2460 281 2616 354; x_wconf 80' lang='lat' dir='ltr'><strong>episc.</strong></span> 
     </span>
     <span class='ocr_line' id='line_1_3' title="bbox 209 363 591 422; baseline -0.008 -4"><span class='ocrx_word' id='word_1_11' title='bbox 209 363 475 422; x_wconf 82' lang='lat' dir='ltr'><strong>Secundus</strong></span> <span class='ocrx_word' id='word_1_12' title='bbox 515 371 591 417; x_wconf 88' lang='lat' dir='ltr'><strong>est</strong></span> 
     </span>
    </p>
   </div>
   <div class='ocr_carea' id='block_1_3' title="bbox 465 469 2547 543">
    <p class='ocr_par' dir='ltr' id='par_1_3' title="bbox 465 469 2547 543">
     <span class='ocr_line' id='line_1_4' title="bbox 465 469 2547 543; baseline 0.003 -20"><span class='ocrx_word' id='word_1_13' title='bbox 465 470 813 543; x_wconf 75' lang='lat' dir='ltr'><strong>‚Iosephus</strong></span> <span class='ocrx_word' id='word_1_14' title='bbox 851 469 1052 543; x_wconf 88' lang='lat' dir='ltr'><strong>Lipp,</strong></span> <span class='ocrx_word' id='word_1_15' title='bbox 1098 480 1199 524; x_wconf 91' lang='lat' dir='ltr'><strong>nat.</strong></span> <span class='ocrx_word' id='word_1_16' title='bbox 1239 474 1323 524; x_wconf 82' lang='lat'><strong>24.</strong></span> <span class='ocrx_word' id='word_1_17' title='bbox 1363 472 1513 524; x_wconf 87' lang='lat' dir='ltr'><strong>Mart.</strong></span> <span class='ocrx_word' id='word_1_18' title='bbox 1556 472 1728 540; x_wconf 81' lang='lat'><strong>1795,</strong></span> <span class='ocrx_word' id='word_1_19' title='bbox 1766 474 2038 527; x_wconf 88' lang='lat' dir='ltr'><strong>inthronis.</strong></span> <span class='ocrx_word' id='word_1_20' title='bbox 2082 476 2162 528; x_wconf 87' lang='grc'><strong>19.</strong></span> <span class='ocrx_word' id='word_1_21' title='bbox 2200 474 2351 530; x_wconf 85' lang='lat' dir='ltr'><strong>Mart.</strong></span> <span class='ocrx_word' id='word_1_22' title='bbox 2392 479 2547 532; x_wconf 86' lang='lat'><strong>1848.</strong></span> 
     </span>
    </p>
   </div>
   <div class='ocr_carea' id='block_1_4' title="bbox 467 579 2620 825">
    <p class='ocr_par' dir='ltr' id='par_1_4' title="bbox 467 579 2620 825">
     <span class='ocr_line' id='line_1_5' title="bbox 467 579 2620 653; baseline 0.004 -21"><span class='ocrx_word' id='word_1_23' title='bbox 467 579 679 632; x_wconf 75' lang='lat' dir='ltr'><strong>Mensa:</strong></span> <span class='ocrx_word' id='word_1_24' title='bbox 741 580 933 631; x_wconf 91' lang='grc'>10.000</span> <span class='ocrx_word' id='word_1_25' title='bbox 972 579 1021 632; x_wconf 90' lang='lat' dir='ltr'><strong>fl.</strong></span> <span class='ocrx_word' id='word_1_26' title='bbox 1061 580 1208 633; x_wconf 91' lang='lat' dir='ltr'><strong>rhen.</strong></span> <span class='ocrx_word' id='word_1_27' title='bbox 1284 580 1436 633; x_wconf 73' lang='lat' dir='ltr'><strong>Tama</strong></span> <span class='ocrx_word' id='word_1_28' title='bbox 1471 600 1735 653; x_wconf 64' lang='lat' dir='ltr'><strong>camerae:</strong></span> <span class='ocrx_word' id='word_1_29' title='bbox 1773 583 1880 634; x_wconf 88' lang='grc'><strong>490</strong></span> <span class='ocrx_word' id='word_1_30' title='bbox 1916 582 1966 634; x_wconf 90' lang='lat' dir='ltr'><strong>fl.</strong></span> <span class='ocrx_word' id='word_1_31' title='bbox 2005 602 2112 635; x_wconf 90' lang='lat' dir='ltr'><strong>aur.</strong></span> <span class='ocrx_word' id='word_1_32' title='bbox 2171 584 2351 653; x_wconf 83' lang='grc'>(3.197</span> <span class='ocrx_word' id='word_1_33' title='bbox 2386 586 2437 641; x_wconf 92' lang='lat' dir='ltr'><strong>fl.</strong></span> <span class='ocrx_word' id='word_1_34' title='bbox 2473 586 2620 641; x_wconf 88' lang='lat' dir='ltr'><strong>rhen.</strong></span> 
     </span>
     <span class='ocr_line' id='line_1_6' title="bbox 639 666 2618 744; baseline 0.004 -26"><span class='ocrx_word' id='word_1_35' title='bbox 639 686 669 718; x_wconf 89' lang='lat' dir='ltr'><strong>a</strong></span> <span class='ocrx_word' id='word_1_36' title='bbox 718 667 970 720; x_wconf 86' lang='lat' dir='ltr'><strong>moderno</strong></span> <span class='ocrx_word' id='word_1_37' title='bbox 1013 666 1258 721; x_wconf 88' lang='lat' dir='ltr'><strong>Praesule</strong></span> <span class='ocrx_word' id='word_1_38' title='bbox 1309 667 1461 719; x_wconf 88' lang='lat' dir='ltr'><strong>soluti</strong></span> <span class='ocrx_word' id='word_1_39' title='bbox 1511 671 1666 740; x_wconf 88' lang='lat' dir='ltr'><strong>sunt).</strong></span> <span class='ocrx_word' id='word_1_40' title='bbox 1746 669 1960 722; x_wconf 88' lang='lat' dir='ltr'><strong>Dotatio</strong></span> <span class='ocrx_word' id='word_1_41' title='bbox 2011 670 2162 722; x_wconf 88' lang='lat' dir='ltr'><strong>realis</strong></span> <span class='ocrx_word' id='word_1_42' title='bbox 2212 689 2422 724; x_wconf 81' lang='lat' dir='ltr'><strong>mensae</strong></span> <span class='ocrx_word' id='word_1_43' title='bbox 2466 673 2618 744; x_wconf 85' lang='lat' dir='ltr'><strong>episc.</strong></span> 
     </span>
     <span class='ocr_line' id='line_1_7' title="bbox 640 752 2105 825; baseline 0.002 -20"><span class='ocrx_word' id='word_1_44' title='bbox 640 762 734 806; x_wconf 88' lang='lat' dir='ltr'><strong>cet.</strong></span> <span class='ocrx_word' id='word_1_45' title='bbox 773 754 826 806; x_wconf 90' lang='lat' dir='ltr'><strong>in</strong></span> <span class='ocrx_word' id='word_1_46' title='bbox 864 753 1008 807; x_wconf 90' lang='lat' dir='ltr'><strong>bulla</strong></span> <span class='ocrx_word' id='word_1_47' title='bbox 1046 754 1197 807; x_wconf 86' lang='lat' dir='ltr'><strong>citata</strong></span> <span class='ocrx_word' id='word_1_48' title='bbox 1235 754 1484 825; x_wconf 88' lang='lat' dir='ltr'><strong>promissa</strong></span> <span class='ocrx_word' id='word_1_49' title='bbox 1521 755 1750 808; x_wconf 85' lang='lat' dir='ltr'><strong>nondum</strong></span> <span class='ocrx_word' id='word_1_50' title='bbox 1794 764 1871 808; x_wconf 88' lang='lat' dir='ltr'><strong>est</strong></span> <span class='ocrx_word' id='word_1_51' title='bbox 1908 752 2105 810; x_wconf 84' lang='lat' dir='ltr'><strong>effecta.</strong></span> 
     </span>
    </p>
   </div>
   <div class='ocr_carea' id='block_1_5' title="bbox 208 903 2619 1413">
    <p class='ocr_par' dir='ltr' id='par_1_5' title="bbox 208 903 2619 1413">
     <span class='ocr_line' id='line_1_8' title="bbox 351 903 2604 979; baseline 0.002 -21"><span class='ocrx_word' id='word_1_52' title='bbox 351 905 395 958; x_wconf 90' lang='lat' dir='ltr'><strong>I.</strong></span> <span class='ocrx_word' id='word_1_53' title='bbox 436 905 592 959; x_wconf 77' lang='lat' dir='ltr'><strong>Situs,</strong></span> <span class='ocrx_word' id='word_1_54' title='bbox 654 903 904 958; x_wconf 80' lang='lat' dir='ltr'>Continet</span> <span class='ocrx_word' id='word_1_55' title='bbox 932 906 1243 959; x_wconf 78' lang='lat' dir='ltr'><strong>territorium</strong></span> <span class='ocrx_word' id='word_1_56' title='bbox 1269 908 1417 977; x_wconf 68' lang='lat' dir='ltr'><strong>requi</strong></span> <span class='ocrx_word' id='word_1_57' title='bbox 1452 906 1917 979; x_wconf 68' lang='lat' dir='ltr'><strong>Wic‘rttemberyiae,</strong></span> <span class='ocrx_word' id='word_1_58' title='bbox 1950 907 2192 961; x_wconf 83' lang='lat' dir='ltr'><strong>circuitus</strong></span> <span class='ocrx_word' id='word_1_59' title='bbox 2217 909 2397 966; x_wconf 78' lang='lat'><strong>354.28</strong></span> <span class='ocrx_word' id='word_1_60' title='bbox 2422 909 2528 962; x_wconf 89' lang='lat' dir='ltr'><strong>mil.</strong></span> <span class='ocrx_word' id='word_1_61' title='bbox 2549 918 2604 972; x_wconf 76' lang='lat' dir='ltr'><strong>[J</strong></span> 
     </span>
     <span class='ocr_line' id='line_1_9' title="bbox 211 991 2619 1063; baseline 0.001 -16"><span class='ocrx_word' id='word_1_62' title='bbox 211 992 466 1047; x_wconf 85' lang='lat' dir='ltr'><strong>Catholici</strong></span> <span class='ocrx_word' id='word_1_63' title='bbox 504 992 559 1044; x_wconf 91' lang='lat' dir='ltr'><strong>in</strong></span> <span class='ocrx_word' id='word_1_64' title='bbox 609 991 667 1044; x_wconf 90' lang='lat' dir='ltr'><strong>iis</strong></span> <span class='ocrx_word' id='word_1_65' title='bbox 718 992 1050 1063; x_wconf 78' lang='lat' dir='ltr'><strong>regionibUS‚</strong></span> <span class='ocrx_word' id='word_1_66' title='bbox 1109 1011 1243 1063; x_wconf 89' lang='lat' dir='ltr'><strong>quae</strong></span> <span class='ocrx_word' id='word_1_67' title='bbox 1297 991 1419 1045; x_wconf 89' lang='lat' dir='ltr'><strong>olim</strong></span> <span class='ocrx_word' id='word_1_68' title='bbox 1471 993 1534 1045; x_wconf 88' lang='lat' dir='ltr'><strong>ad</strong></span> <span class='ocrx_word' id='word_1_69' title='bbox 1575 994 1838 1046; x_wconf 87' lang='lat' dir='ltr'><strong>Austriam</strong></span> <span class='ocrx_word' id='word_1_70' title='bbox 1892 1003 1943 1046; x_wconf 90' lang='lat' dir='ltr'><strong>et</strong></span> <span class='ocrx_word' id='word_1_71' title='bbox 1993 995 2248 1048; x_wconf 88' lang='lat' dir='ltr'><strong>territoria</strong></span> <span class='ocrx_word' id='word_1_72' title='bbox 2297 996 2619 1063; x_wconf 75' lang='lat' dir='ltr'><strong>dioecesium,</strong></span> 
     </span>
     <span class='ocr_line' id='line_1_10' title="bbox 209 1079 2618 1154; baseline 0.002 -22"><span class='ocrx_word' id='word_1_73' title='bbox 209 1098 335 1151; x_wconf 90' lang='lat' dir='ltr'><strong>quas</strong></span> <span class='ocrx_word' id='word_1_74' title='bbox 391 1098 549 1151; x_wconf 86' lang='lat' dir='ltr'><strong>supra</strong></span> <span class='ocrx_word' id='word_1_75' title='bbox 605 1079 895 1149; x_wconf 74' lang='lat' dir='ltr'><strong>nominavi,</strong></span> <span class='ocrx_word' id='word_1_76' title='bbox 964 1080 1308 1152; x_wconf 81' lang='lat' dir='ltr'><strong>pertinebant,</strong></span> <span class='ocrx_word' id='word_1_77' title='bbox 1367 1081 1609 1150; x_wconf 88' lang='lat' dir='ltr'><strong>majorem</strong></span> <span class='ocrx_word' id='word_1_78' title='bbox 1666 1081 1846 1153; x_wconf 88' lang='lat' dir='ltr'><strong>populi</strong></span> <span class='ocrx_word' id='word_1_79' title='bbox 1902 1091 2101 1154; x_wconf 88' lang='lat' dir='ltr'><strong>partem</strong></span> <span class='ocrx_word' id='word_1_80' title='bbox 2159 1085 2501 1151; x_wconf 81' lang='lat' dir='ltr'><strong>constituunt,</strong></span> <span class='ocrx_word' id='word_1_81' title='bbox 2565 1084 2618 1136; x_wconf 92' lang='lat' dir='ltr'><strong>in</strong></span> 
     </span>
     <span class='ocr_line' id='line_1_11' title="bbox 208 1158 2619 1242; baseline 0.002 -22"><span class='ocrx_word' id='word_1_82' title='bbox 208 1166 509 1238; x_wconf 85' lang='lat' dir='ltr'><strong>regionibus</strong></span> <span class='ocrx_word' id='word_1_83' title='bbox 558 1168 748 1220; x_wconf 88' lang='lat' dir='ltr'><strong>veteris</strong></span> <span class='ocrx_word' id='word_1_84' title='bbox 801 1167 1014 1220; x_wconf 82' lang='lat' dir='ltr'><strong>ducatus</strong></span> <span class='ocrx_word' id='word_1_85' title='bbox 1054 1167 1470 1238; x_wconf 78' lang='lat' dir='ltr'><strong>Wiirttembcrg.</strong></span> <span class='ocrx_word' id='word_1_86' title='bbox 1524 1177 1574 1220; x_wconf 89' lang='lat' dir='ltr'><strong>et</strong></span> <span class='ocrx_word' id='word_1_87' title='bbox 1629 1169 1830 1239; x_wconf 87' lang='lat' dir='ltr'><strong>aliquot</strong></span> <span class='ocrx_word' id='word_1_88' title='bbox 1883 1170 2261 1223; x_wconf 87' lang='lat' dir='ltr'><strong>territoriorum</strong></span> <span class='ocrx_word' id='word_1_89' title='bbox 2321 1189 2487 1242; x_wconf 88' lang='lat' dir='ltr'><strong>regno</strong></span> <span class='ocrx_word' id='word_1_90' title='bbox 2539 1158 2619 1223; x_wconf 86' lang='lat' dir='ltr'><strong>in·</strong></span> 
     </span>
     <span class='ocr_line' id='line_1_12' title="bbox 208 1255 2615 1327; baseline 0.002 -21"><span class='ocrx_word' id='word_1_91' title='bbox 208 1263 593 1326; x_wconf 85' lang='lat' dir='ltr'><strong>corporatorum</strong></span> <span class='ocrx_word' id='word_1_92' title='bbox 662 1265 714 1308; x_wconf 89' lang='lat' dir='ltr'><strong>et</strong></span> <span class='ocrx_word' id='word_1_93' title='bbox 788 1255 1050 1307; x_wconf 87' lang='lat' dir='ltr'><strong>civitatum</strong></span> <span class='ocrx_word' id='word_1_94' title='bbox 1119 1255 1320 1327; x_wconf 88' lang='lat' dir='ltr'><strong>imperii</strong></span> <span class='ocrx_word' id='word_1_95' title='bbox 1395 1257 1680 1326; x_wconf 83' lang='lat' dir='ltr'><strong>germanici</strong></span> <span class='ocrx_word' id='word_1_96' title='bbox 1755 1256 2035 1309; x_wconf 89' lang='lat' dir='ltr'><strong>liberarum</strong></span> <span class='ocrx_word' id='word_1_97' title='bbox 2099 1258 2236 1312; x_wconf 89' lang='lat' dir='ltr'><strong>inter</strong></span> <span class='ocrx_word' id='word_1_98' title='bbox 2307 1258 2615 1311; x_wconf 82' lang='lat' dir='ltr'><strong>acatholicos</strong></span> 
     </span>
     <span class='ocr_line' id='line_1_13' title="bbox 208 1341 608 1413; baseline 0.003 -20"><span class='ocrx_word' id='word_1_99' title='bbox 208 1341 372 1413; x_wconf 86' lang='lat' dir='ltr'><strong>sparsi</strong></span> <span class='ocrx_word' id='word_1_100' title='bbox 409 1341 608 1394; x_wconf 86' lang='lat' dir='ltr'><strong>vivunt.</strong></span> 
     </span>
    </p>
   </div>
   <div class='ocr_carea' id='block_1_6' title="bbox 208 1471 2613 1629">
    <p class='ocr_par' dir='ltr' id='par_1_6' title="bbox 208 1471 2613 1629">
     <span class='ocr_line' id='line_1_14' title="bbox 350 1471 2613 1547; baseline 0.002 -22"><span class='ocrx_word' id='word_1_101' title='bbox 350 1471 432 1525; x_wconf 87' lang='lat' dir='ltr'><strong>II.</strong></span> <span class='ocrx_word' id='word_1_102' title='bbox 487 1471 756 1547; x_wconf 76' lang='lat' dir='ltr'><strong>Dividitur</strong></span> <span class='ocrx_word' id='word_1_103' title='bbox 805 1471 859 1523; x_wconf 89' lang='lat' dir='ltr'><strong>in</strong></span> <span class='ocrx_word' id='word_1_104' title='bbox 913 1473 983 1525; x_wconf 88' lang='lat'><strong>29</strong></span> <span class='ocrx_word' id='word_1_105' title='bbox 1042 1471 1332 1524; x_wconf 80' lang='lat' dir='ltr'><strong>decanatus,</strong></span> <span class='ocrx_word' id='word_1_106' title='bbox 1422 1471 1617 1525; x_wconf 88' lang='lat' dir='ltr'><strong>Decani</strong></span> <span class='ocrx_word' id='word_1_107' title='bbox 1674 1493 1703 1524; x_wconf 88' lang='lat' dir='ltr'><strong>a</strong></span> <span class='ocrx_word' id='word_1_108' title='bbox 1758 1473 1893 1526; x_wconf 89' lang='lat' dir='ltr'><strong>clero</strong></span> <span class='ocrx_word' id='word_1_109' title='bbox 1944 1473 2155 1545; x_wconf 88' lang='lat' dir='ltr'><strong>capituli</strong></span> <span class='ocrx_word' id='word_1_110' title='bbox 2202 1474 2388 1527; x_wconf 81' lang='lat' dir='ltr'><strong>ruralis</strong></span> <span class='ocrx_word' id='word_1_111' title='bbox 2437 1483 2613 1530; x_wconf 88' lang='lat' dir='ltr'><strong>curato</strong></span> 
     </span>
     <span class='ocr_line' id='line_1_15' title="bbox 208 1558 1340 1629; baseline -0.002 -17"><span class='ocrx_word' id='word_1_112' title='bbox 208 1559 497 1629; x_wconf 82' lang='lat' dir='ltr'><strong>eliguntur,</strong></span> <span class='ocrx_word' id='word_1_113' title='bbox 534 1560 598 1612; x_wconf 91' lang='lat' dir='ltr'><strong>ab</strong></span> <span class='ocrx_word' id='word_1_114' title='bbox 637 1558 919 1613; x_wconf 87' lang='lat' dir='ltr'><strong>Ordinario</strong></span> <span class='ocrx_word' id='word_1_115' title='bbox 957 1558 1340 1612; x_wconf 81' lang='lat' dir='ltr'><strong>confirmantur.</strong></span> 
     </span>
    </p>
   </div>
   <div class='ocr_carea' id='block_1_7' title="bbox 209 1688 2615 1936">
    <p class='ocr_par' dir='ltr' id='par_1_7' title="bbox 209 1688 2615 1936">
     <span class='ocr_line' id='line_1_16' title="bbox 350 1688 2615 1760; baseline 0.001 -18"><span class='ocrx_word' id='word_1_116' title='bbox 350 1689 453 1742; x_wconf 90' lang='lat' dir='ltr'><strong>III.</strong></span> <span class='ocrx_word' id='word_1_117' title='bbox 510 1689 687 1742; x_wconf 76' lang='lat' dir='ltr'><strong>Status</strong></span> <span class='ocrx_word' id='word_1_118' title='bbox 723 1691 1023 1742; x_wconf 74' lang='lat' dir='ltr'><strong>animarum</strong></span> <span class='ocrx_word' id='word_1_119' title='bbox 1063 1688 1186 1760; x_wconf 83' lang='lat' dir='ltr'><strong>(fine</strong></span> <span class='ocrx_word' id='word_1_120' title='bbox 1223 1708 1268 1741; x_wconf 89' lang='lat' dir='ltr'><strong>a.</strong></span> <span class='ocrx_word' id='word_1_121' title='bbox 1311 1689 1502 1760; x_wconf 83' lang='lat'>1858):</span> <span class='ocrx_word' id='word_1_122' title='bbox 1560 1688 1710 1743; x_wconf 87' lang='lat' dir='ltr'><strong>Cath.</strong></span> <span class='ocrx_word' id='word_1_123' title='bbox 1754 1690 2009 1756; x_wconf 82' lang='lat'><strong>540.630‚</strong></span> <span class='ocrx_word' id='word_1_124' title='bbox 2065 1689 2278 1743; x_wconf 86' lang='lat' dir='ltr'><strong>Luther.</strong></span> <span class='ocrx_word' id='word_1_125' title='bbox 2319 1693 2615 1759; x_wconf 79' lang='lat'><strong>1,222.718,</strong></span> 
     </span>
     <span class='ocr_line' id='line_1_17' title="bbox 209 1776 2614 1846; baseline 0.002 -17"><span class='ocrx_word' id='word_1_126' title='bbox 209 1777 295 1829; x_wconf 84' lang='lat' dir='ltr'><strong>alii</strong></span> <span class='ocrx_word' id='word_1_127' title='bbox 345 1778 532 1843; x_wconf 71' lang='lat'>2305,</span> <span class='ocrx_word' id='word_1_128' title='bbox 583 1776 699 1846; x_wconf 87' lang='lat' dir='ltr'><strong>jud.</strong></span> <span class='ocrx_word' id='word_1_129' title='bbox 740 1778 948 1830; x_wconf 66' lang='lat'><strong>12206.</strong></span> <span class='ocrx_word' id='word_1_130' title='bbox 1041 1776 1189 1830; x_wconf 89' lang='lat' dir='ltr'><strong>Inter</strong></span> <span class='ocrx_word' id='word_1_131' title='bbox 1241 1777 1345 1829; x_wconf 87' lang='grc'><strong>100</strong></span> <span class='ocrx_word' id='word_1_132' title='bbox 1393 1776 1584 1829; x_wconf 87' lang='lat' dir='ltr'><strong>incolas</strong></span> <span class='ocrx_word' id='word_1_133' title='bbox 1636 1785 1754 1829; x_wconf 87' lang='lat' dir='ltr'><strong>sunt</strong></span> <span class='ocrx_word' id='word_1_134' title='bbox 1803 1777 1935 1830; x_wconf 88' lang='lat' dir='ltr'><strong>cath.</strong></span> <span class='ocrx_word' id='word_1_135' title='bbox 1988 1778 2156 1845; x_wconf 87' lang='grc' dir='ltr'>3Ο.41,</span> <span class='ocrx_word' id='word_1_136' title='bbox 2212 1778 2402 1832; x_wconf 88' lang='lat' dir='ltr'><strong>luther.</strong></span> <span class='ocrx_word' id='word_1_137' title='bbox 2455 1781 2614 1846; x_wconf 77' lang='grc'>6877,</span> 
     </span>
     <span class='ocr_line' id='line_1_18' title="bbox 210 1863 1111 1936; baseline 0.001 -20"><span class='ocrx_word' id='word_1_138' title='bbox 210 1865 298 1916; x_wconf 78' lang='lat' dir='ltr'><strong>alii</strong></span> <span class='ocrx_word' id='word_1_139' title='bbox 335 1865 471 1931; x_wconf 85' lang='lat' dir='ltr'><strong>O.13‚</strong></span> <span class='ocrx_word' id='word_1_140' title='bbox 502 1863 623 1936; x_wconf 89' lang='lat' dir='ltr'><strong>jud.</strong></span> <span class='ocrx_word' id='word_1_141' title='bbox 656 1865 765 1920; x_wconf 87' lang='lat'><strong>069.</strong></span> <span class='ocrx_word' id='word_1_142' title='bbox 1107 1873 1111 1877; x_wconf 87' lang='grc'><strong>’</strong></span> 
     </span>
    </p>
   </div>
   <div class='ocr_carea' id='block_1_8' title="bbox 354 1972 2286 2044">
    <p class='ocr_par' dir='ltr' id='par_1_8' title="bbox 354 1972 2286 2044">
     <span class='ocr_line' id='line_1_19' title="bbox 354 1972 2286 2044; baseline 0 -18"><span class='ocrx_word' id='word_1_143' title='bbox 354 1973 409 2026; x_wconf 79' lang='lat' dir='ltr'><strong>S.</strong></span> <span class='ocrx_word' id='word_1_144' title='bbox 453 1972 746 2043; x_wconf 74' lang='lat' dir='ltr'><strong>Confirmat.</strong></span> <span class='ocrx_word' id='word_1_145' title='bbox 786 1980 1162 2024; x_wconf 85' lang='lat' dir='ltr'><strong>sacramentum</strong></span> <span class='ocrx_word' id='word_1_146' title='bbox 1202 1972 1462 2024; x_wconf 86' lang='lat' dir='ltr'><strong>annuatim</strong></span> <span class='ocrx_word' id='word_1_147' title='bbox 1505 1972 1695 2025; x_wconf 59' lang='lat'>11:712</span> <span class='ocrx_word' id='word_1_148' title='bbox 1733 1990 1982 2043; x_wconf 86' lang='lat' dir='ltr'><strong>personae</strong></span> <span class='ocrx_word' id='word_1_149' title='bbox 2018 1972 2286 2044; x_wconf 84' lang='lat' dir='ltr'><strong>recipiunt.</strong></span> 
     </span>
    </p>
   </div>
   <div class='ocr_carea' id='block_1_9' title="bbox 209 2079 2619 2416">
    <p class='ocr_par' dir='ltr' id='par_1_9' title="bbox 209 2079 2619 2416">
     <span class='ocr_line' id='line_1_20' title="bbox 354 2079 2619 2154; baseline 0 -19"><span class='ocrx_word' id='word_1_150' title='bbox 354 2082 501 2153; x_wconf 86' lang='lat' dir='ltr'><strong>Lege</strong></span> <span class='ocrx_word' id='word_1_151' title='bbox 539 2081 675 2133; x_wconf 90' lang='lat' dir='ltr'><strong>civili</strong></span> <span class='ocrx_word' id='word_1_152' title='bbox 714 2080 813 2133; x_wconf 90' lang='lat' dir='ltr'><strong>diei</strong></span> <span class='ocrx_word' id='word_1_153' title='bbox 854 2082 900 2136; x_wconf 88' lang='lat'><strong>1.</strong></span> <span class='ocrx_word' id='word_1_154' title='bbox 940 2079 1065 2132; x_wconf 84' lang='lat' dir='ltr'><strong>Maii</strong></span> <span class='ocrx_word' id='word_1_155' title='bbox 1110 2082 1243 2133; x_wconf 89' lang='grc'>1855</span> <span class='ocrx_word' id='word_1_156' title='bbox 1284 2080 1633 2147; x_wconf 85' lang='lat' dir='ltr'><strong>matrimonia,</strong></span> <span class='ocrx_word' id='word_1_157' title='bbox 1691 2099 1825 2151; x_wconf 90' lang='lat' dir='ltr'><strong>quae</strong></span> <span class='ocrx_word' id='word_1_158' title='bbox 1861 2088 2112 2134; x_wconf 88' lang='lat' dir='ltr'><strong>vocantur</strong></span> <span class='ocrx_word' id='word_1_159' title='bbox 2150 2081 2322 2133; x_wconf 89' lang='lat' dir='ltr'><strong>civilia</strong></span> <span class='ocrx_word' id='word_1_160' title='bbox 2369 2081 2619 2154; x_wconf 88' lang='lat' dir='ltr'><strong>permissa</strong></span> 
     </span>
     <span class='ocr_line' id='line_1_21' title="bbox 209 2167 2619 2241; baseline -0.001 -17"><span class='ocrx_word' id='word_1_161' title='bbox 209 2179 355 2238; x_wconf 90' lang='lat' dir='ltr'><strong>sunt,</strong></span> <span class='ocrx_word' id='word_1_162' title='bbox 415 2170 458 2223; x_wconf 93' lang='lat' dir='ltr'><strong>si</strong></span> <span class='ocrx_word' id='word_1_163' title='bbox 512 2187 681 2240; x_wconf 87' lang='lat' dir='ltr'><strong>neque</strong></span> <span class='ocrx_word' id='word_1_164' title='bbox 737 2167 993 2240; x_wconf 82' lang='lat' dir='ltr'><strong>parochus</strong></span> <span class='ocrx_word' id='word_1_165' title='bbox 1049 2168 1182 2221; x_wconf 88' lang='lat' dir='ltr'><strong>cath.</strong></span> <span class='ocrx_word' id='word_1_166' title='bbox 1240 2187 1407 2239; x_wconf 88' lang='lat' dir='ltr'><strong>neque</strong></span> <span class='ocrx_word' id='word_1_167' title='bbox 1462 2168 1762 2221; x_wconf 87' lang='lat' dir='ltr'><strong>lutheranus</strong></span> <span class='ocrx_word' id='word_1_168' title='bbox 1818 2168 2056 2221; x_wconf 88' lang='lat' dir='ltr'><strong>assistere</strong></span> <span class='ocrx_word' id='word_1_169' title='bbox 2113 2167 2241 2220; x_wconf 87' lang='lat' dir='ltr'><strong>vult.</strong></span> <span class='ocrx_word' id='word_1_170' title='bbox 2318 2167 2498 2241; x_wconf 89' lang='lat' dir='ltr'><strong>Usque</strong></span> <span class='ocrx_word' id='word_1_171' title='bbox 2553 2169 2619 2222; x_wconf 88' lang='lat' dir='ltr'><strong>ad</strong></span> 
     </span>
     <span class='ocr_line' id='line_1_22' title="bbox 210 2255 2618 2328; baseline -0.001 -17"><span class='ocrx_word' id='word_1_172' title='bbox 210 2278 253 2311; x_wconf 87' lang='lat' dir='ltr'><strong>a.</strong></span> <span class='ocrx_word' id='word_1_173' title='bbox 296 2259 434 2311; x_wconf 86' lang='lat'>1863</span> <span class='ocrx_word' id='word_1_174' title='bbox 472 2268 657 2328; x_wconf 76' lang='lat' dir='ltr'><strong>septem</strong></span> <span class='ocrx_word' id='word_1_175' title='bbox 694 2275 840 2308; x_wconf 88' lang='lat' dir='ltr'><strong>casus</strong></span> <span class='ocrx_word' id='word_1_176' title='bbox 878 2256 1201 2315; x_wconf 81' lang='lat' dir='ltr'><strong>acciderunt,</strong></span> <span class='ocrx_word' id='word_1_177' title='bbox 1254 2255 1391 2326; x_wconf 87' lang='lat' dir='ltr'><strong>quod</strong></span> <span class='ocrx_word' id='word_1_178' title='bbox 1429 2255 1617 2308; x_wconf 86' lang='lat' dir='ltr'><strong>femina</strong></span> <span class='ocrx_word' id='word_1_179' title='bbox 1656 2255 1788 2310; x_wconf 88' lang='lat' dir='ltr'><strong>cath.</strong></span> <span class='ocrx_word' id='word_1_180' title='bbox 1827 2275 1942 2308; x_wconf 89' lang='lat' dir='ltr'><strong>cum</strong></span> <span class='ocrx_word' id='word_1_181' title='bbox 1981 2256 2090 2308; x_wconf 88' lang='lat' dir='ltr'><strong>viro</strong></span> <span class='ocrx_word' id='word_1_182' title='bbox 2128 2257 2238 2328; x_wconf 85' lang='lat' dir='ltr'><strong>ejus</strong></span> <span class='ocrx_word' id='word_1_183' title='bbox 2276 2265 2472 2324; x_wconf 88' lang='lat' dir='ltr'><strong>sectae,</strong></span> <span class='ocrx_word' id='word_1_184' title='bbox 2530 2257 2618 2328; x_wconf 89' lang='lat' dir='ltr'><strong>qui</strong></span> 
     </span>
     <span class='ocr_line' id='line_1_23' title="bbox 216 2342 1771 2416; baseline -0.003 -18"><span class='ocrx_word' id='word_1_185' title='bbox 216 2342 855 2416; x_wconf 81' lang='lat' dir='ltr'><strong>„germano-catholicos“</strong></span> <span class='ocrx_word' id='word_1_186' title='bbox 894 2361 948 2395; x_wconf 87' lang='lat' dir='ltr'><strong>se</strong></span> <span class='ocrx_word' id='word_1_187' title='bbox 988 2351 1196 2410; x_wconf 86' lang='lat' dir='ltr'><strong>vocant,</strong></span> <span class='ocrx_word' id='word_1_188' title='bbox 1245 2343 1461 2396; x_wconf 86' lang='lat' dir='ltr'><strong>civiliter</strong></span> <span class='ocrx_word' id='word_1_189' title='bbox 1499 2342 1771 2395; x_wconf 82' lang='lat' dir='ltr'><strong>contraxit.</strong></span> 
     </span>
    </p>
   </div>
   <div class='ocr_carea' id='block_1_10' title="bbox 213 2450 2622 2697">
    <p class='ocr_par' dir='ltr' id='par_1_10' title="bbox 213 2450 2622 2697">
     <span class='ocr_line' id='line_1_24' title="bbox 357 2450 2622 2524; baseline -0.001 -18"><span class='ocrx_word' id='word_1_190' title='bbox 357 2453 597 2524; x_wconf 73' lang='lat' dir='ltr'><strong>Reqistra</strong></span> <span class='ocrx_word' id='word_1_191' title='bbox 633 2471 672 2504; x_wconf 81' lang='lat' dir='ltr'><strong>s,</strong></span> <span class='ocrx_word' id='word_1_192' title='bbox 711 2452 833 2505; x_wconf 70' lang='lat' dir='ltr'><strong>libri</strong></span> <span class='ocrx_word' id='word_1_193' title='bbox 870 2451 1033 2504; x_wconf 79' lang='lat' dir='ltr'><strong>eccles.</strong></span> <span class='ocrx_word' id='word_1_194' title='bbox 1073 2450 1362 2523; x_wconf 88' lang='lat' dir='ltr'><strong>baptismal.</strong></span> <span class='ocrx_word' id='word_1_195' title='bbox 1403 2459 1498 2504; x_wconf 87' lang='lat' dir='ltr'><strong>cet.</strong></span> <span class='ocrx_word' id='word_1_196' title='bbox 1537 2459 1589 2503; x_wconf 91' lang='lat' dir='ltr'><strong>et</strong></span> <span class='ocrx_word' id='word_1_197' title='bbox 1637 2450 1738 2523; x_wconf 88' lang='lat' dir='ltr'><strong>ipsi</strong></span> <span class='ocrx_word' id='word_1_198' title='bbox 1789 2458 1949 2503; x_wconf 87' lang='lat' dir='ltr'><strong>status</strong></span> <span class='ocrx_word' id='word_1_199' title='bbox 2001 2451 2163 2504; x_wconf 88' lang='lat' dir='ltr'><strong>civilis</strong></span> <span class='ocrx_word' id='word_1_200' title='bbox 2213 2460 2358 2519; x_wconf 85' lang='lat' dir='ltr'><strong>sunt,</strong></span> <span class='ocrx_word' id='word_1_201' title='bbox 2412 2451 2622 2523; x_wconf 81' lang='lat' dir='ltr'><strong>publica</strong></span> 
     </span>
     <span class='ocr_line' id='line_1_25' title="bbox 213 2537 2617 2614; baseline -0.001 -19"><span class='ocrx_word' id='word_1_202' title='bbox 213 2541 433 2614; x_wconf 86' lang='lat' dir='ltr'><strong>praediti</strong></span> <span class='ocrx_word' id='word_1_203' title='bbox 471 2539 749 2598; x_wconf 82' lang='lat' dir='ltr'><strong>autoritate</strong></span> <span class='ocrx_word' id='word_1_204' title='bbox 759 2560 770 2607; x_wconf 84' lang='lat'><em>3</em></span> <span class='ocrx_word' id='word_1_205' title='bbox 828 2538 1220 2592; x_wconf 88' lang='lat' dir='ltr'><strong>conscribuntur</strong></span> <span class='ocrx_word' id='word_1_206' title='bbox 1257 2557 1288 2589; x_wconf 90' lang='lat' dir='ltr'><strong>a</strong></span> <span class='ocrx_word' id='word_1_207' title='bbox 1324 2538 1447 2591; x_wconf 88' lang='lat' dir='ltr'><strong>solis</strong></span> <span class='ocrx_word' id='word_1_208' title='bbox 1490 2537 1752 2610; x_wconf 85' lang='lat' dir='ltr'><strong>parochis,</strong></span> <span class='ocrx_word' id='word_1_209' title='bbox 1810 2537 1898 2609; x_wconf 92' lang='lat' dir='ltr'><strong>qui</strong></span> <span class='ocrx_word' id='word_1_210' title='bbox 1951 2538 2222 2608; x_wconf 88' lang='lat' dir='ltr'><strong>quotannis</strong></span> <span class='ocrx_word' id='word_1_211' title='bbox 2272 2538 2355 2592; x_wconf 88' lang='lat' dir='ltr'><strong>die</strong></span> <span class='ocrx_word' id='word_1_212' title='bbox 2403 2540 2451 2592; x_wconf 88' lang='lat'><strong>3.</strong></span> <span class='ocrx_word' id='word_1_213' title='bbox 2488 2538 2617 2594; x_wconf 87' lang='lat' dir='ltr'><strong>Dec.</strong></span> 
     </span>
     <span class='ocr_line' id='line_1_26' title="bbox 218 2624 2130 2697; baseline -0.003 -14"><span class='ocrx_word' id='word_1_214' title='bbox 218 2629 420 2697; x_wconf 84' lang='lat' dir='ltr'><strong>„officio</strong></span> <span class='ocrx_word' id='word_1_215' title='bbox 459 2628 752 2681; x_wconf 84' lang='lat' dir='ltr'><strong>districtus“</strong></span> <span class='ocrx_word' id='word_1_216' title='bbox 795 2626 930 2678; x_wconf 90' lang='lat' dir='ltr'><strong>civili</strong></span> <span class='ocrx_word' id='word_1_217' title='bbox 973 2625 1231 2692; x_wconf 83' lang='lat' dir='ltr'><strong>„indicem</strong></span> <span class='ocrx_word' id='word_1_218' title='bbox 1268 2625 1645 2697; x_wconf 76' lang='lat' dir='ltr'><strong>populationis“</strong></span> <span class='ocrx_word' id='word_1_219' title='bbox 1688 2624 1892 2678; x_wconf 86' lang='lat' dir='ltr'><strong>tradere</strong></span> <span class='ocrx_word' id='word_1_220' title='bbox 1929 2625 2130 2679; x_wconf 88' lang='lat' dir='ltr'><strong>debent.</strong></span> 
     </span>
    </p>
   </div>
   <div class='ocr_carea' id='block_1_11' title="bbox 217 2755 2619 3704">
    <p class='ocr_par' dir='ltr' id='par_1_11' title="bbox 217 2755 2619 3704">
     <span class='ocr_line' id='line_1_27' title="bbox 358 2755 2619 2827; baseline -0.001 -16"><span class='ocrx_word' id='word_1_221' title='bbox 358 2758 454 2812; x_wconf 90' lang='lat' dir='ltr'><strong>IV.</strong></span> <span class='ocrx_word' id='word_1_222' title='bbox 522 2758 722 2812; x_wconf 66' lang='lat' dir='ltr'><strong>Olera</strong></span> <span class='ocrx_word' id='word_1_223' title='bbox 734 2778 771 2811; x_wconf 81' lang='lat' dir='ltr'><strong>s.</strong></span> <span class='ocrx_word' id='word_1_224' title='bbox 871 2778 913 2809; x_wconf 86' lang='lat' dir='ltr'><strong>a.</strong></span> <span class='ocrx_word' id='word_1_225' title='bbox 978 2757 1251 2812; x_wconf 68' lang='lat' dir='ltr'><strong>Institutio,</strong></span> <span class='ocrx_word' id='word_1_226' title='bbox 1353 2759 1398 2810; x_wconf 87' lang='lat'><strong>1.</strong></span> <span class='ocrx_word' id='word_1_227' title='bbox 1464 2755 1762 2809; x_wconf 69' lang='lat' dir='ltr'><strong>seminaria</strong></span> <span class='ocrx_word' id='word_1_228' title='bbox 1823 2758 1883 2827; x_wconf 78' lang='lat' dir='ltr'><strong>(s,</strong></span> <span class='ocrx_word' id='word_1_229' title='bbox 1943 2758 2285 2826; x_wconf 52' lang='grc' dir='ltr'><strong>ἦσοπυφῖοιίιεα)</strong></span> <span class='ocrx_word' id='word_1_230' title='bbox 2333 2773 2619 2826; x_wconf 75' lang='lat' dir='ltr'><strong>puerorum</strong></span> 
     </span>
     <span class='ocr_line' id='line_1_28' title="bbox 217 2841 2616 2916; baseline -0.003 -15"><span class='ocrx_word' id='word_1_231' title='bbox 217 2846 446 2901; x_wconf 85' lang='lat' dir='ltr'><strong>existunt</strong></span> <span class='ocrx_word' id='word_1_232' title='bbox 499 2845 630 2910; x_wconf 90' lang='lat' dir='ltr'><strong>dua,</strong></span> <span class='ocrx_word' id='word_1_233' title='bbox 688 2845 963 2916; x_wconf 88' lang='lat' dir='ltr'><strong>conjuncta</strong></span> <span class='ocrx_word' id='word_1_234' title='bbox 1019 2863 1132 2896; x_wconf 92' lang='lat' dir='ltr'><strong>cum</strong></span> <span class='ocrx_word' id='word_1_235' title='bbox 1189 2843 1474 2914; x_wconf 85' lang='lat' dir='ltr'><strong>gymnasiis</strong></span> <span class='ocrx_word' id='word_1_236' title='bbox 1530 2862 1671 2896; x_wconf 87' lang='lat' dir='ltr'><strong>mere</strong></span> <span class='ocrx_word' id='word_1_237' title='bbox 1727 2843 1862 2896; x_wconf 88' lang='lat' dir='ltr'><strong>cath.</strong></span> <span class='ocrx_word' id='word_1_238' title='bbox 1939 2842 2183 2914; x_wconf 84' lang='lat' dir='ltr'><strong>Ehingen</strong></span> <span class='ocrx_word' id='word_1_239' title='bbox 2241 2850 2292 2894; x_wconf 91' lang='lat' dir='ltr'><strong>et</strong></span> <span class='ocrx_word' id='word_1_240' title='bbox 2347 2841 2616 2908; x_wconf 80' lang='lat' dir='ltr'><strong>Rottweil3</strong></span> 
     </span>
     <span class='ocr_line' id='line_1_29' title="bbox 217 2919 2619 3006; baseline -0.003 -17"><span class='ocrx_word' id='word_1_241' title='bbox 217 2944 498 3006; x_wconf 90' lang='lat' dir='ltr'><strong>utrumque</strong></span> <span class='ocrx_word' id='word_1_242' title='bbox 553 2934 708 2986; x_wconf 88' lang='lat' dir='ltr'><strong>habet</strong></span> <span class='ocrx_word' id='word_1_243' title='bbox 762 2935 798 2985; x_wconf 89' lang='lat'>4</span> <span class='ocrx_word' id='word_1_244' title='bbox 857 2952 1067 2998; x_wconf 84' lang='lat' dir='ltr'><strong>„cursus</strong></span> <span class='ocrx_word' id='word_1_245' title='bbox 1122 2939 1371 2999; x_wconf 85' lang='lat' dir='ltr'><strong>annuos“‚</strong></span> <span class='ocrx_word' id='word_1_246' title='bbox 1429 2932 1483 2984; x_wconf 90' lang='lat' dir='ltr'><strong>in</strong></span> <span class='ocrx_word' id='word_1_247' title='bbox 1539 2950 1744 2984; x_wconf 89' lang='lat' dir='ltr'><strong>cursum</strong></span> <span class='ocrx_word' id='word_1_248' title='bbox 1801 2930 1961 3002; x_wconf 88' lang='lat' dir='ltr'><strong>recipi</strong></span> <span class='ocrx_word' id='word_1_249' title='bbox 2014 2937 2229 3001; x_wconf 87' lang='lat' dir='ltr'><strong>possunt</strong></span> <span class='ocrx_word' id='word_1_250' title='bbox 2284 2930 2356 2982; x_wconf 88' lang='lat'><strong>30</strong></span> <span class='ocrx_word' id='word_1_251' title='bbox 2410 2919 2619 2982; x_wconf 83' lang='lat' dir='ltr'><strong>alumni.</strong></span> 
     </span>
     <span class='ocr_line' id='line_1_30' title="bbox 218 3016 2618 3090; baseline -0.003 -13"><span class='ocrx_word' id='word_1_252' title='bbox 218 3027 267 3078; x_wconf 85' lang='lat'><strong>2.</strong></span> <span class='ocrx_word' id='word_1_253' title='bbox 308 3023 498 3076; x_wconf 75' lang='lat' dir='ltr'><strong>Semin.</strong></span> <span class='ocrx_word' id='word_1_254' title='bbox 537 3021 701 3074; x_wconf 72' lang='lat' dir='ltr'><strong>cle‘m&#39;c.</strong></span> <span class='ocrx_word' id='word_1_255' title='bbox 775 3019 1116 3090; x_wconf 86' lang='lat' dir='ltr'><strong>Rottenburg.</strong></span> <span class='ocrx_word' id='word_1_256' title='bbox 1158 3039 1273 3073; x_wconf 92' lang='lat' dir='ltr'><strong>cum</strong></span> <span class='ocrx_word' id='word_1_257' title='bbox 1315 3022 1338 3072; x_wconf 92' lang='lat'>1</span> <span class='ocrx_word' id='word_1_258' title='bbox 1384 3038 1523 3090; x_wconf 73' lang='lat' dir='ltr'><strong>reg,</strong></span> <span class='ocrx_word' id='word_1_259' title='bbox 1582 3020 1606 3070; x_wconf 90' lang='lat'>1</span> <span class='ocrx_word' id='word_1_260' title='bbox 1662 3019 1898 3089; x_wconf 88' lang='lat' dir='ltr'><strong>subreg.,</strong></span> <span class='ocrx_word' id='word_1_261' title='bbox 1958 3019 1982 3069; x_wconf 89' lang='lat'><strong>1</strong></span> <span class='ocrx_word' id='word_1_262' title='bbox 2037 3025 2226 3089; x_wconf 58' lang='lat' dir='ltr'><strong>repet„</strong></span> <span class='ocrx_word' id='word_1_263' title='bbox 2281 3018 2349 3070; x_wconf 92' lang='grc'><strong>18</strong></span> <span class='ocrx_word' id='word_1_264' title='bbox 2397 3016 2618 3070; x_wconf 85' lang='lat' dir='ltr'><strong>alumnis</strong></span> 
     </span>
     <span class='ocr_line' id='line_1_31' title="bbox 220 3102 2619 3183; baseline -0.002 -21"><span class='ocrx_word' id='word_1_265' title='bbox 220 3120 483 3183; x_wconf 72' lang='lat' dir='ltr'><strong>(numerus</strong></span> <span class='ocrx_word' id='word_1_266' title='bbox 523 3106 765 3161; x_wconf 89' lang='lat' dir='ltr'><strong>normalis</strong></span> <span class='ocrx_word' id='word_1_267' title='bbox 804 3115 881 3158; x_wconf 88' lang='lat' dir='ltr'><strong>est</strong></span> <span class='ocrx_word' id='word_1_268' title='bbox 919 3107 1028 3177; x_wconf 88' lang='lat'>30),</span> <span class='ocrx_word' id='word_1_269' title='bbox 1068 3107 1154 3177; x_wconf 90' lang='lat' dir='ltr'><strong>qui</strong></span> <span class='ocrx_word' id='word_1_270' title='bbox 1193 3106 1477 3160; x_wconf 89' lang='lat' dir='ltr'><strong>studiorum</strong></span> <span class='ocrx_word' id='word_1_271' title='bbox 1515 3105 1670 3158; x_wconf 88' lang='lat' dir='ltr'><strong>theol.</strong></span> <span class='ocrx_word' id='word_1_272' title='bbox 1699 3123 1903 3158; x_wconf 90' lang='lat' dir='ltr'><strong>cursum</strong></span> <span class='ocrx_word' id='word_1_273' title='bbox 1929 3105 2333 3176; x_wconf 81' lang='lat' dir='ltr'><strong>compleverunt.</strong></span> <span class='ocrx_word' id='word_1_274' title='bbox 2396 3102 2619 3158; x_wconf 87' lang='lat' dir='ltr'><strong>Theolo-</strong></span> 
     </span>
     <span class='ocr_line' id='line_1_32' title="bbox 222 3190 2619 3268; baseline -0.003 -20"><span class='ocrx_word' id='word_1_275' title='bbox 222 3198 337 3268; x_wconf 87' lang='lat' dir='ltr'><strong>giae</strong></span> <span class='ocrx_word' id='word_1_276' title='bbox 400 3196 535 3250; x_wconf 89' lang='lat' dir='ltr'><strong>enim</strong></span> <span class='ocrx_word' id='word_1_277' title='bbox 598 3194 813 3248; x_wconf 90' lang='lat' dir='ltr'><strong>studiosi</strong></span> <span class='ocrx_word' id='word_1_278' title='bbox 874 3194 927 3245; x_wconf 90' lang='lat' dir='ltr'><strong>in</strong></span> <span class='ocrx_word' id='word_1_279' title='bbox 985 3193 1037 3246; x_wconf 87' lang='lat'><strong>3.</strong></span> <span class='ocrx_word' id='word_1_280' title='bbox 1093 3194 1357 3248; x_wconf 79' lang='lat' dir='ltr'><strong>Facultate</strong></span> <span class='ocrx_word' id='word_1_281' title='bbox 1410 3193 1549 3246; x_wconf 77' lang='lat' dir='ltr'><strong>theol.</strong></span> <span class='ocrx_word' id='word_1_282' title='bbox 1605 3191 1927 3245; x_wconf 85' lang='lat' dir='ltr'><strong>universiatis</strong></span> <span class='ocrx_word' id='word_1_283' title='bbox 1983 3191 2328 3262; x_wconf 87' lang='lat' dir='ltr'><strong>Tubingensis</strong></span> <span class='ocrx_word' id='word_1_284' title='bbox 2398 3190 2619 3262; x_wconf 89' lang='lat' dir='ltr'><strong>collegia</strong></span> 
     </span>
     <span class='ocr_line' id='line_1_33' title="bbox 220 3275 2617 3355; baseline -0.003 -19"><span class='ocrx_word' id='word_1_285' title='bbox 220 3285 576 3355; x_wconf 83' lang='lat' dir='ltr'><strong>frequentant3</strong></span> <span class='ocrx_word' id='word_1_286' title='bbox 614 3275 829 3334; x_wconf 82' lang='lat' dir='ltr'><strong>studiosi</strong></span> <span class='ocrx_word' id='word_1_287' title='bbox 866 3281 1019 3333; x_wconf 89' lang='lat' dir='ltr'><strong>theol.</strong></span> <span class='ocrx_word' id='word_1_288' title='bbox 1059 3282 1353 3334; x_wconf 82' lang='lat' dir='ltr'><strong>wu‘rttemb.</strong></span> <span class='ocrx_word' id='word_1_289' title='bbox 1394 3281 1523 3333; x_wconf 89' lang='lat' dir='ltr'><strong>cath.</strong></span> <span class='ocrx_word' id='word_1_290' title='bbox 1559 3280 1624 3331; x_wconf 81' lang='lat'><strong>75</strong></span> <span class='ocrx_word' id='word_1_291' title='bbox 1654 3279 1931 3332; x_wconf 85' lang='lat' dir='ltr'><strong>convivunt</strong></span> <span class='ocrx_word' id='word_1_292' title='bbox 1957 3279 2006 3331; x_wconf 89' lang='lat' dir='ltr'><strong>in</strong></span> <span class='ocrx_word' id='word_1_293' title='bbox 2036 3279 2190 3332; x_wconf 90' lang='lat' dir='ltr'><strong>domo</strong></span> <span class='ocrx_word' id='word_1_294' title='bbox 2218 3278 2617 3336; x_wconf 88' lang='lat' dir='ltr'><strong>Wilhelmsstift.</strong></span> 
     </span>
     <span class='ocr_line' id='line_1_34' title="bbox 224 3365 2614 3437; baseline -0.003 -13"><span class='ocrx_word' id='word_1_295' title='bbox 224 3371 498 3425; x_wconf 89' lang='lat' dir='ltr'><strong>Praeterea</strong></span> <span class='ocrx_word' id='word_1_296' title='bbox 536 3370 692 3423; x_wconf 88' lang='lat' dir='ltr'><strong>theol.</strong></span> <span class='ocrx_word' id='word_1_297' title='bbox 736 3367 950 3421; x_wconf 90' lang='lat' dir='ltr'><strong>studiosi</strong></span> <span class='ocrx_word' id='word_1_298' title='bbox 988 3369 1204 3420; x_wconf 81' lang='lat'>40—50</span> <span class='ocrx_word' id='word_1_299' title='bbox 1247 3368 1465 3420; x_wconf 88' lang='lat' dir='ltr'><strong>aliarum</strong></span> <span class='ocrx_word' id='word_1_300' title='bbox 1518 3366 1821 3419; x_wconf 89' lang='lat' dir='ltr'><strong>dioecesium</strong></span> <span class='ocrx_word' id='word_1_301' title='bbox 1861 3365 2131 3437; x_wconf 87' lang='lat' dir='ltr'><strong>Tubingae</strong></span> <span class='ocrx_word' id='word_1_302' title='bbox 2179 3383 2386 3418; x_wconf 84' lang='lat' dir='ltr'><strong>manere</strong></span> <span class='ocrx_word' id='word_1_303' title='bbox 2434 3365 2614 3418; x_wconf 88' lang='lat' dir='ltr'><strong>solent.</strong></span> 
     </span>
     <span class='ocr_line' id='line_1_35' title="bbox 220 3450 2618 3530; baseline -0.005 -16"><span class='ocrx_word' id='word_1_304' title='bbox 220 3459 354 3514; x_wconf 78' lang='lat' dir='ltr'><strong>Jura</strong></span> <span class='ocrx_word' id='word_1_305' title='bbox 409 3458 638 3530; x_wconf 87' lang='lat' dir='ltr'><strong>episcopi</strong></span> <span class='ocrx_word' id='word_1_306' title='bbox 692 3457 746 3509; x_wconf 90' lang='lat' dir='ltr'><strong>in</strong></span> <span class='ocrx_word' id='word_1_307' title='bbox 801 3456 893 3508; x_wconf 88' lang='lat' dir='ltr'><strong>has</strong></span> <span class='ocrx_word' id='word_1_308' title='bbox 950 3456 1150 3507; x_wconf 87' lang='lat' dir='ltr'><strong>scholas</strong></span> <span class='ocrx_word' id='word_1_309' title='bbox 1206 3463 1258 3507; x_wconf 88' lang='lat' dir='ltr'><strong>et</strong></span> <span class='ocrx_word' id='word_1_310' title='bbox 1310 3456 1583 3508; x_wconf 88' lang='lat' dir='ltr'><strong>seminaria</strong></span> <span class='ocrx_word' id='word_1_311' title='bbox 1637 3454 1977 3508; x_wconf 83' lang='lat' dir='ltr'><strong>conventione</strong></span> <span class='ocrx_word' id='word_1_312' title='bbox 2033 3473 2178 3506; x_wconf 56' lang='lat' dir='ltr'><strong>cum»</strong></span> <span class='ocrx_word' id='word_1_313' title='bbox 2211 3472 2249 3505; x_wconf 77' lang='lat' dir='ltr'><strong>s,</strong></span> <span class='ocrx_word' id='word_1_314' title='bbox 2311 3451 2431 3505; x_wconf 86' lang='lat' dir='ltr'><strong>sede</strong></span> <span class='ocrx_word' id='word_1_315' title='bbox 2490 3450 2618 3503; x_wconf 87' lang='lat' dir='ltr'><strong>inita</strong></span> 
     </span>
     <span class='ocr_line' id='line_1_36' title="bbox 223 3536 2616 3617; baseline -0.005 -18"><span class='ocrx_word' id='word_1_316' title='bbox 223 3547 271 3599; x_wconf 89' lang='grc'><strong>8.</strong></span> <span class='ocrx_word' id='word_1_317' title='bbox 323 3546 454 3617; x_wconf 90' lang='lat' dir='ltr'><strong>Apr.</strong></span> <span class='ocrx_word' id='word_1_318' title='bbox 510 3544 646 3597; x_wconf 77' lang='grc'>1857</span> <span class='ocrx_word' id='word_1_319' title='bbox 703 3543 1055 3610; x_wconf 87' lang='lat' dir='ltr'><strong>continentur,</strong></span> <span class='ocrx_word' id='word_1_320' title='bbox 1113 3544 1256 3615; x_wconf 89' lang='lat' dir='ltr'><strong>cujus</strong></span> <span class='ocrx_word' id='word_1_321' title='bbox 1310 3541 1629 3615; x_wconf 88' lang='lat' dir='ltr'><strong>praescripta</strong></span> <span class='ocrx_word' id='word_1_322' title='bbox 1684 3541 2003 3612; x_wconf 85' lang='lat' dir='ltr'><strong>hujusmodi,</strong></span> <span class='ocrx_word' id='word_1_323' title='bbox 2063 3538 2292 3611; x_wconf 88' lang='lat' dir='ltr'><strong>quamvis</strong></span> <span class='ocrx_word' id='word_1_324' title='bbox 2348 3536 2616 3591; x_wconf 86' lang='lat' dir='ltr'><strong>conventio</strong></span> 
     </span>
     <span class='ocr_line' id='line_1_37' title="bbox 224 3628 1635 3704; baseline -0.002 -21"><span class='ocrx_word' id='word_1_325' title='bbox 224 3632 336 3704; x_wconf 89' lang='lat' dir='ltr'><strong>ipsa</strong></span> <span class='ocrx_word' id='word_1_326' title='bbox 373 3652 416 3684; x_wconf 88' lang='lat' dir='ltr'><strong>a.</strong></span> <span class='ocrx_word' id='word_1_327' title='bbox 461 3633 594 3685; x_wconf 87' lang='lat'>1861</span> <span class='ocrx_word' id='word_1_328' title='bbox 636 3650 667 3683; x_wconf 91' lang='lat' dir='ltr'><strong>a</strong></span> <span class='ocrx_word' id='word_1_329' title='bbox 703 3629 955 3702; x_wconf 90' lang='lat' dir='ltr'><strong>gubernio</strong></span> <span class='ocrx_word' id='word_1_330' title='bbox 992 3629 1193 3683; x_wconf 91' lang='lat' dir='ltr'><strong>sublata</strong></span> <span class='ocrx_word' id='word_1_331' title='bbox 1229 3630 1408 3697; x_wconf 86' lang='lat' dir='ltr'><strong>fuerit,</strong></span> <span class='ocrx_word' id='word_1_332' title='bbox 1447 3628 1635 3682; x_wconf 88' lang='lat' dir='ltr'><strong>valent.</strong></span> 
     </span>
    </p>
   </div>
   <div class='ocr_carea' id='block_1_12' title="bbox 225 3734 2615 3901">
    <p class='ocr_par' dir='ltr' id='par_1_12' title="bbox 225 3734 2615 3901">
     <span class='ocr_line' id='line_1_38' title="bbox 365 3734 2615 3817; baseline -0.001 -24"><span class='ocrx_word' id='word_1_333' title='bbox 365 3740 416 3793; x_wconf 91' lang='lat' dir='ltr'><strong>b.</strong></span> <span class='ocrx_word' id='word_1_334' title='bbox 481 3739 679 3793; x_wconf 72' lang='lat' dir='ltr'><strong>Titulus</strong></span> <span class='ocrx_word' id='word_1_335' title='bbox 727 3739 948 3794; x_wconf 73' lang='lat' dir='ltr'><strong>ordinat.</strong></span> <span class='ocrx_word' id='word_1_336' title='bbox 997 3738 1251 3810; x_wconf 82' lang='lat' dir='ltr'><strong>regularis</strong></span> <span class='ocrx_word' id='word_1_337' title='bbox 1303 3747 1383 3793; x_wconf 88' lang='lat' dir='ltr'><strong>est</strong></span> <span class='ocrx_word' id='word_1_338' title='bbox 1432 3755 1636 3793; x_wconf 88' lang='lat' dir='ltr'><strong>mensae</strong></span> <span class='ocrx_word' id='word_1_339' title='bbox 1684 3737 1958 3810; x_wconf 89' lang='lat' dir='ltr'><strong>principis,</strong></span> <span class='ocrx_word' id='word_1_340' title='bbox 2004 3737 2103 3817; x_wconf 85' lang='lat' dir='ltr'><strong>¹qui</strong></span> <span class='ocrx_word' id='word_1_341' title='bbox 2161 3736 2313 3791; x_wconf 87' lang='lat' dir='ltr'><strong>datur</strong></span> <span class='ocrx_word' id='word_1_342' title='bbox 2367 3756 2397 3789; x_wconf 90' lang='lat' dir='ltr'><strong>a</strong></span> <span class='ocrx_word' id='word_1_343' title='bbox 2453 3734 2615 3791; x_wconf 86' lang='lat' dir='ltr'><strong>fundo</strong></span> 
     </span>
     <span class='ocr_line' id='line_1_39' title="bbox 225 3825 1252 3901; baseline 0.002 -24"><span class='ocrx_word' id='word_1_344' title='bbox 225 3825 480 3895; x_wconf 86' lang='lat' dir='ltr'><strong>intercal.;</strong></span> <span class='ocrx_word' id='word_1_345' title='bbox 518 3827 595 3881; x_wconf 85' lang='lat' dir='ltr'><strong>tit.</strong></span> <span class='ocrx_word' id='word_1_346' title='bbox 631 3827 923 3901; x_wconf 89' lang='lat' dir='ltr'><strong>patrimonii</strong></span> <span class='ocrx_word' id='word_1_347' title='bbox 959 3827 1123 3881; x_wconf 86' lang='lat' dir='ltr'><strong>rarior</strong></span> <span class='ocrx_word' id='word_1_348' title='bbox 1160 3833 1252 3879; x_wconf 89' lang='lat' dir='ltr'><strong>est.</strong></span> 
     </span>
    </p>
   </div>
  </div>
 </body>
</html>
