2670 4126
2402 169 2478 214 111

227 308 307 360 10.
346 303 523 359 Ursul.
565 304 588 355 1
634 322 788 370 mon.,
827 304 887 355 41
935 286 1066 374 prof.
1103 299 1141 351 4
1178 287 1312 367 now,
1352 298 1384 356 i,
1423 320 1460 351 S.
1499 301 1584 353 45.

233 393 317 446 11.
355 390 521 444 Filiae
558 389 654 444 SS.
692 390 959 461 Redempt.
1001 389 1032 438 5
1069 395 1186 443 inst.
1230 391 1298 443 16
1335 389 1484 460 profi,
1539 390 1598 440 11
1643 405 1794 456 nov,‚
1831 387 1864 441 i.
1903 407 1941 440 S.
1981 386 2064 441 27.

838 477 1053 535 Summa
1107 473 1491 548 Reliyiosarum
1566 476 1722 528 1108.

1105 564 1449 637 Reyularium
1569 564 1593 615 1
1605 562 1724 616 347.

907 608 934 635 >7

222 653 315 706 VI.
398 652 540 706 Unus
576 652 811 706 sacerdos
847 665 918 706 est
953 653 1029 707 ad
1067 652 1352 709 catholicos
1596 650 1720 703 424.

422 781 448 809 ,,
489 758 590 792 sac.
629 751 839 792 curatus
878 782 905 810 ,,
986 783 1012 809 ,,
1203 782 1230 810 ,,
1412 751 1413 754 ’
1604 738 1725 789 600.

421 867 450 894 ,,
489 825 748 897 reyularis
1599 825 1724 876 409.

218 913 348 966 VII.
409 911 686 983 Beneficia.
764 915 811 968 1.
854 914 1154 989 Capitulum
1190 911 1505 984 Metropolit.
1557 910 1697 963 Eccl.
1736 910 1797 964 B.
1837 911 1906 964 M.
1950 911 2099 982 Virg.
2139 930 2255 963 cum
2295 910 2482 982 Praep.

74 1011 126 1056 et
162 1001 287 1055 Dec.
325 1000 587 1071 (infulatq)
631 1002 698 1053 10
717 1001 857 1075 ‘iOap
860 1003 952 1059 1111.
993 1006 1027 1057 6
1063 1003 1256 1069 Vicar.,
1298 1002 1330 1055 3
1370 1000 1436 1052 ad
1473 1000 1711 1053 honores,
1788 999 1914 1052 De
1893 1016 2011 1069 Jure
2034 998 2340 1070 providendi
2368 998 2484 1051 vide

72 1108 228 1162 supra
262 1093 310 1157 ξ.
349 1089 434 1141 62.
474 1107 524 1140 11.
565 1089 613 1141 3.
687 1087 1056 1159 Praebendae3
1096 1091 1280 1162 Praep.
1321 1096 1373 1142 et
1409 1087 1536 1141 Dec.
1573 1088 1734 1142 4000
1760 1086 1835 1153 fl.,
1878 1089 1909 1138 5
1948 1104 2059 1138 can.
2098 1104 2204 1139 sen.
2246 1107 2277 1139 a
2308 1086 2487 1152 2.000,

75 1179 106 1229 5
144 1177 251 1248 jun.
290 1179 322 1228 a
361 1176 534 1241 1.600,
574 1175 731 1229 vicar.
771 1177 804 1229 3
844 1182 874 1231 a
912 1180 1033 1246 800,
1073 1180 1105 1232 3
1142 1182 1175 1231 a
1213 1177 1322 1230 600
1357 1175 1407 1228 Η.

215 1265 262 1318 2.
307 1262 532 1334 Capitul.
571 1263 819 1335 colleyiat.
859 1266 910 1336 a)
950 1266 1015 1319 ad
1053 1266 1107 1323 S.
1147 1265 1455 1335 Cajetanum
1505 1261 1765 1315 Monachii
1803 1280 1920 1314 cum
1957 1261 2156 1332 Praep.,
2198 1261 2323 1314 Dec.
2365 1269 2415 1313 et
2453 1263 2485 1312 6

73 1349 259 1421 Capit„
318 1351 351 1402 6
407 1351 602 1416 honor„
665 1352 687 1403 1
751 1351 815 1403 ad
871 1352 1116 1419 honoreS,
1169 1356 1203 1406 6
1258 1351 1419 1406 vicar.
1479 1349 1650 1415 chori,
1711 1351 1734 1402 1
1799 1348 2052 1423 praedic,
2114 1350 2136 1401 1
2200 1366 2486 1402 caeremon.

72 1436 128 1508 b)
174 1436 300 1508 Cap.
340 1437 449 1492 coll.
487 1438 689 1490 Laufen
739 1458 854 1491 cum
906 1440 1034 1493 Dec.
1075 1448 1126 1494 et
1165 1441 1197 1493 3
1251 1439 1380 1494 Can.
1434 1457 1538 1491 cur.
1580 1437 1612 1490 3
1652 1436 1815 1489 incur.
1894 1436 1943 1508 c)
2006 1435 2133 1508 Cap.
2193 1436 2302 1490 coll.
2355 1436 2485 1488 Titt-

70 1524 325 1595 monning
363 1543 478 1577 cum
518 1524 660 1592 Dec,
702 1527 733 1579 3
775 1526 902 1581 Can.
944 1547 1048 1582 cur.
1091 1531 1123 1581 2
1163 1527 1327 1579 1116111.

216 1612 263 1664 3.
318 1612 482 1665 Alia:
537 1614 811 1684 parochiae
849 1616 971 1682 365,
1028 1615 1194 1669 benef.
1249 1623 1299 1667 et
1347 1612 1607 1673 manualia
1665 1610 2070 1683 (comprehensis
2120 1610 2197 1677 iis,
2252 1629 2382 1696 quae
2420 1610 2485 1662 ob

71 1705 276 1751 tenuem
326 1698 647 1752 dotationem
697 1702 962 1774 proprium
1003 1702 1390 1756 beneficiarium
1441 1718 1545 1753 non
1584 1699 1776 1752 habent
1827 1698 1917 1752 sed
1956 1698 2068 1750 aliis
2109 1698 2487 1769 adjunguntur)

70 1785 196 1852 437,
233 1786 390 1838 vicar.
433 1794 484 1840 et
522 1789 741 1860 exposit.
781 1791 868 1855 60,
908 1799 1164 1863 cooperat.
1207 1791 1326 1856 189,
1368 1787 1716 1859 coadjutoriae
1754 1787 1999 1858 (quarum
2026 1804 2269 1838 numerus
2298 1784 2488 1851 differt,

72 1890 231 1942 quum
268 1872 467 1944 aliquot
505 1881 703 1928 tantum
755 1877 965 1947 parochi
1015 1871 1233 1949 obligati
1283 1876 1386 1929 sint
1436 1876 1500 1928 ad
1551 1873 1896 1945 coadjutorem
1955 1874 2335 1941 assumendum,
2392 1893 2488 1945 pro

71 1946 251 2030 regula
290 1959 361 2012 ibi
401 1961 670 2031 coadjutor
708 1963 855 2030 adsit,
908 1965 995 2018 ubi
1034 1984 1279 2019 numerus
1328 1965 1601 2017 missarum
1649 1963 1985 2015 fundat-alum
2023 1961 2254 2033 aliaeque
2292 1960 2483 2031 obliga-

72 2045 264 2114 1101165,
338 2057 572 2101 5611661115
628 2050 711 2103 vel
768 2052 1008 2106 valetudo
1065 2055 1234 2106 tenuis
1293 2052 1485 2105 aliaeve
1546 2051 1773 2104 rationes
1828 2050 2127 2122 personales
2185 2058 2237 2102 et
2290 2048 2488 2103 locales

70 2101 374 2206 postulant),
432 2135 535 2188 alia
586 2136 781 2210 (officia
831 2140 1259 2212 praedicatorum,
1314 2140 1741 2193 confessariorum
1790 2137 2120 2205 monialium,
2173 2136 2489 2209 capellaniae

71 2238 302 2275 arcenses
342 2222 462 2294 cet.)
502 2224 588 2290 81,
626 2224 680 2276 111
718 2244 921 2278 summa
960 2227 1115 2281 1339.

214 2308 300 2362 De
331 2309 452 2378 jure
490 2310 801 2381 providendi
838 2314 958 2368 vide
996 2313 1124 2370 Tab.
1162 2315 1234 2368 II.

186 2395 478 2449 'Beneficia
529 2399 693 2451 omnis
741 2402 950 2477 generis
993 2403 1207 2476 propria
1242 2402 1510 2474 possident
1549 2403 1694 2458 bona.
1768 2403 1837 2456 25
1878 2401 2170 2474 parochiae,
2227 2400 2485 2471 quondam

71 2483 391 2536 monasteriis
442 2485 801 2559 incorporatae
857 2507 923 2542 ex
970 2494 1016 2559 ξ.
1069 2491 1153 2544 37.
1193 2490 1420 2545 conclusi
1475 2490 1699 2563 deputat.
1775 2489 1907 2561 Imp.
1946 2489 2005 2544 R.
2047 2489 2114 2543 Gr.
2155 2509 2200 2542 a.
2241 2490 2380 2542 1803
2420 2490 2484 2541 ab

71 2570 271 2622 aerario
310 2571 624 2625 dotationem
659 2593 755 2646 pro
791 2584 941 2647 parte
978 2577 1186 2631 habent.

217 2656 464 2728 Congrua
499 2661 844 2730 parochorum
881 2674 1124 2719 censetur
1164 2667 1269 2718 700
1307 2665 1357 2717 Η.

219 2744 371 2797 VIII.
428 2746 655 2801 Scholae.
734 2751 780 2802 1.
820 2749 1144 2805 Universitas
1184 2751 1506 2805 Monacensis
1547 2751 1685 2823 (vide
1717 2771 1854 2804 num.
1880 2751 1976 2804 IV.
2005 2752 2091 2822 a..)
2167 2754 2215 2805 2.
2253 2750 2485 2822 Lyceum

69 2829 160 2883 F
117 2851 405 2904 rlsmgense
443 2834 624 2906 (ibid.)
714 2836 762 2890 3.
802 2836 1123 2909 Gymnasia:
1177 2843 1208 2892 5
1245 2839 1452 2912 publica
1490 2857 1520 2889 a
1557 2829 1763 2892 civitate
1801 2839 1986 2907 dotata,
2044 2841 2065 2892 1
2111 2839 2336 2911 archiep.
2378 2840 2485 2892 Ma

73 2917 223 2987 gistri
261 2919 469 2973 illorum
512 2925 542 2974 5
582 2942 612 2974 a
648 2925 916 2996 republica
953 2926 1298 2980 nominantur.
1388 2925 1703 2980 Catechetae
1743 2934 1796 2979 et
1834 2927 2155 3000 inspectores
2191 2927 2485 2980 scholarum

75 3004 288 3059 district.
327 3008 391 3060 ab
433 3008 712 3064 Ordinario
748 3012 1040 3067 missionem
1081 3015 1261 3069 eccles.
1311 3013 1580 3085 recipiunt.
1672 3014 1723 3066 4.
1772 3012 2127 3068 Elementares
2178 3015 2299 3067 843.
2374 3013 2484 3066 Ma-

72 3091 223 3162 gistri
261 3112 291 3144 a
328 3095 589 3165 republica
626 3099 974 3169 nominantur,
1013 3101 1302 3155 scholarum
1352 3101 1483 3172 regii
1521 3101 1834 3173 inspectores
1871 3102 2062 3156 locales
2099 3110 2220 3155 sunt
2256 3101 2483 3173 parochi.

75 3177 297 3232 Scholae
350 3181 682 3237 elementares
714 3195 811 3239 -aut
849 3188 1131 3244 catholicae
1170 3197 1259 3242 aut
1297 3190 1460 3242 acath.
1500 3197 1635 3256 sunt,
1688 3189 1742 3242 in
1793 3189 1976 3243 mediis
2026 3198 2077 3243 et
2130 3188 2483 3260 superioribus

72 3265 257 3337 religio
309 3276 362 3320 et
411 3267 627 3322 historia
664 3291 694 3324 a
731 3275 982 3345 magistro
1036 3277 1171 3330 cath.
1211 3285 1263 3331 et
1296 3277 1458 3330 acath.
1499 3275 1786 3331 traduntur.
1863 3276 2090 3332 Scholae
2129 3276 2276 3329 elem.
2316 3277 2481 3329 acath.

71 3350 126 3403 in
164 3353 196 3404 5
234 3353 360 3406 locis
398 3355 602 3409 adsunt.

216 3438 315 3495 IX.
351 3441 749 3499 Administratio
787 3445 1096 3502 dioecesana.
1173 3453 1222 3505 1.
1267 3451 1548 3505 Consilium
1585 3452 1809 3524 archiep.
1837 3452 2224 3505 ecclesiasticum
2246 3451 2483 3524 yenerale

73 3523 160 3596 {ad
211 3527 353 3597 quod
393 3548 570 3582 omnes
610 3529 931 3603 Capitulares
969 3545 1187 3610 metrop.
1226 3549 1503 3607 vocantur3
1558 3538 1868 3593 ordinarius
1920 3557 2044 3592 vero
2101 3539 2226 3592 alios
2278 3557 2483 3610 quoque

70 3613 407 3684 presbyteros
463 3617 704 3671 ordinare
761 3622 953 3695 potest]
1013 3642 1127 3678 cum
1184 3625 1400 3696 Direct.,
1459 3627 1549 3699 qui
1604 3628 1815 3680 absente
1873 3624 2152 3680 Ordinario
2206 3626 2479 3698 praesidet,

64 3696 478 3767 jurisdictionem
533 3723 658 3758 vero
713 3724 820 3760 non
856 3719 1091 3780 exercet,
1147 3713 1212 3765 ad
1250 3715 1582 3768 tranctandas
1629 3732 1713 3766 res
1750 3713 2063 3785 temporales
2122 3713 2479 3786 [administrat.

71 3783 324 3839 bonorum
377 3788 689 3844 fabricarum
739 3801 791 3846 et
846 3796 1237 3867 beneficiorum,
1296 3818 1380 3855 res
1437 3801 1502 3854 ad
1558 3801 1784 3855 decimas
1839 3800 2097 3854 redemtas
2147 3801 2478 3874 pertinenteS,

69 3870 494 3944 aedificationem,
546 3878 884 3935 administrat.
933 3885 1341 3955 seminariorum,
1398 3887 1829 3941 monasteriorum
1882 3887 2202 3961 temporalia,
2258 3889 2479 3943 fundum

70 3959 399 4014 emeritorum
439 3963 922 4036 (administrandum
960 3990 990 4023 a
1024 3974 1263 4047 praeside
1299 3992 1328 4028 e
1354 3975 1718 4048 capitularibus
1756 3982 1924 4028 sumto
1962 3983 2014 4028 et
2050 3975 2249 4049 aliquot
2286 3995 2314 4030 e
2340 3977 2477 4035 clero
