2670 4126
226 152 306 194 128

221 282 546 335 sacristarum
583 293 633 337 01
671 282 1079 352 organistarum,
1117 282 1294 335 filialia
1330 283 1465 351 loca,
1504 285 1708 338 scholae
1747 284 1910 338 omnis
1948 289 2178 358 generis,
2228 299 2285 344 ut
2321 311 2424 346 uno
2461 292 2619 346 verbo

221 371 414 438 dicam,
467 371 794 424 continentur
832 388 1171 441 quaecunque
1209 371 1337 423 scitu
1375 381 1495 424 sunt
1533 372 1692 443 digna
1731 380 1783 425 et
1821 374 2121 427 necessaria,
2199 375 2414 431 Utinam
2465 379 2618 433 talem

220 459 632 512 schematismum
670 475 845 509 omnes
885 457 1139 511 dioeceses
1179 458 1456 512 haberent!
1516 458 1619 514 Sed
1660 460 1875 530 longum
1915 473 1992 513 est
2029 469 2108 515 tot
2144 481 2386 519 numeros
2411 466 2618 523 addere.

367 591 460 643 VI.
521 588 746 642 Scholae.
827 590 870 640 1.
924 587 1246 642 Universitas
1302 589 1554 642 catholica
1608 590 1848 662 Fribury.
1907 591 2181 645 Albertina
2242 594 2459 666 (fundat.
2518 597 2618 650 litt.

221 677 427 732 Alberti
465 677 607 728 ducis
646 676 695 727 d.
735 677 819 729 28.
858 676 999 746 Aug,
1041 678 1210 743 1456,
1262 676 1492 729 confirm.
1530 677 1673 729 bulla
1723 685 1865 749 pont.
1919 678 1966 730 d,
2006 679 2056 731 3.
2095 679 2245 752 Sept.
2281 680 2344 750 ej.
2383 665 2465 754 a.)'
2489 685 2619 743 cath.

223 786 337 819 cum
362 765 555 838 facult.
595 763 735 817 theol.
746 803 765 828 ‚
817 782 947 834 quae
984 767 1017 816 6
1053 765 1187 835 prof.
1229 763 1336 817 ord.
1399 765 1420 816 1
1479 764 1738 819 extraord.
1795 766 1818 817 1
1873 764 2109 836 privatim
2162 765 2361 820 docent.
2416 777 2467 821 et
2507 757 2621 824 ι158

221 853 477 906 auditores
515 852 685 903 habet.
759 850 824 902 In
863 868 924 903 ea
961 849 1189 902 existunt
1224 851 1296 902 48
1333 850 1585 922 stipendia
1637 853 1756 925 (pro
1796 851 1912 904 0110.
1955 853 2058 904 100
2095 853 2441 925 stipendiatis)
2492 875 2622 927 quae

222 952 309 995 aut
346 941 442 994 soli
479 940 713 1011 theologi
751 947 840 992 aut
876 938 1108 1008 theologi
1161 944 1215 1010 et
1261 937 1349 989 alii
1400 937 1615 991 studiosi
1666 937 1933 1008 acquirere
1981 949 2210 1012 possunt.
2264 973 2328 981 —-
2381 940 2622 997 Univers,

219 1029 542 1100 Heidelbery.
595 1028 669 1095 (in
719 1046 821 1098 qua
872 1024 1214 1078 confessiones
1266 1042 1488 1095 aequum
1533 1026 1619 1096 jus
1669 1025 1886 1097 habent)
1935 1026 2045 1080 sine
2087 1027 2258 1081 facult,
2296 1029 2452 1082 theol.
2491 1030 2621 1084 cath.

222 1119 389 1190 (adest
426 1116 584 1169 theol.
625 1114 831 1184 acath.).
869 1146 935 1154 —
975 1115 1023 1165 2.
1062 1111 1264 1183 Lycea:
1305 1113 1338 1165 3
1378 1112 1538 1179 cath„
1576 1112 1814 1165 2-303111.
1853 1115 1885 1166 2
1924 1113 2101 1167 mixta.
2138 1146 2210 1154 —
2247 1115 2294 1168 3.
2334 1115 2623 1187 Gymnasia

222 1209 253 1259 5
308 1204 441 1257 cath.
495 1205 544 1275 (1
598 1202 652 1254 in
690 1200 925 1270 Boruss.)
981 1201 1005 1251 1
1061 1198 1226 1250 acath.
1276 1231 1348 1238 —-
1402 1200 1453 1254 4.
1507 1198 1700 1254 Schola
1748 1199 2113 1271 polytechnica
2162 1200 2501 1276 (Carlsruhe),
2553 1236 2620 1244 —

224 1297 270 1345 5.
309 1289 669 1360 Paedagogia:
709 1289 741 1341 3
781 1287 913 1340 cath.
950 1317 1019 1325 ——-
1060 1287 1109 1339 6.
1148 1285 1372 1340 Scholae
1410 1287 1756 1340 communales
1795 1287 2113 1358 superiores:
2153 1290 2238 1355 29,
2272 1289 2459 1361 partim
2486 1291 2620 1344 cath.

221 1379 411 1452 partim
446 1378 654 1429 mixtae.
692 1408 762 1416 —-—
817 1377 863 1427 7.
904 1374 1123 1429 Scholae
1159 1375 1512 1429 elementares,
1587 1377 1654 1430 A.
1705 1377 1770 1429 In
1819 1375 2054 1430 Badensi
2101 1387 2248 1450 parte
2301 1381 2456 1434 1228
2505 1400 2622 1435 cum

224 1469 363 1522 1719
402 1465 663 1536 magistris
717 1463 944 1516 131.486
998 1462 1287 1534 discipulis3
1345 1462 1551 1516 scholae
1601 1463 1892 1535 puellarum
1942 1466 2011 1517 22
2063 1483 2177 1518 cum
2231 1467 2372 1519 5106
2421 1468 2621 1540 puellis.

217 1556 278 1608 B.
319 1554 382 1606 ln
420 1551 630 1606 Borma.
676 1550 775 1603 107
815 1568 930 1602 cum
973 1551 1074 1602 152
1115 1549 1318 1620 magist.
1363 1552 1556 1605 11.864
1606 1551 1811 1622 discip„
1872 1553 1894 1603 1
1954 1551 2129 1604 schola
2177 1553 2337 1626 puell.
2388 1573 2502 1607 cum
2553 1557 2622 1609 65

216 1642 417 1717 puellis,
493 1639 733 1694 Summa:
778 1638 914 1691 1335
954 1637 1114 1689 schol.
1154 1657 1266 1690 cum
1314 1639 1442 1691 1871
1488 1638 1779 1709 magistris,
1822 1639 2052 1692 143.350
2091 1639 2297 1712 discip.;
2354 1641 2423 1695 23
2461 1641 2621 1697 schol.

215 1730 371 1805 puell.
411 1747 525 1782 cum
567 1726 699 1778 5171
743 1723 946 1796 puellis,
986 1756 1057 1763 —

360 1837 541 1908 Usque
580 1835 645 1887 ad
682 1833 726 1886 a.
769 1834 910 1886 1864
960 1833 1166 1887 30110130
1216 1833 1554 1886 elementares
1606 1835 1886 1888 secundum
1940 1836 2307 1889 confessionem
2356 1847 2621 1911 separatae

215 1934 362 1980 erant
398 1934 450 1979 et
489 1922 749 1976 communi
786 1921 1029 1992 gubernii
1070 1930 1119 1974 et
1144 1920 1526 1993 'archiepiscopi
1565 1922 1877 1975 ordinationi
1922 1943 1959 1975 s.
2011 1923 2314 1995 inspectioni
2362 1926 2618 1982 suberant.

214 2015 356 2085 Lege
395 2012 532 2065 civili
568 2019 734 2063 totum
773 2010 1009 2080 regimen
1048 2009 1114 2061 ad
1153 2009 1538 2061 communitates
1575 2027 1710 2082 resp.
1751 2009 1815 2061 ad
1856 2009 2100 2063 officiales
2144 2011 2459 2082 reipublicae
2507 2031 2619 2067 0330

215 2102 471 2166 delatum,
527 2098 646 2151 inde
701 2116 824 2149 vero
884 2114 1127 2166 magnam
1178 2095 1310 2148 inter
1356 2104 1632 2167 utramque
1681 2104 1985 2167 potestatem
2035 2097 2229 2164 rixam,
2291 2107 2343 2152 et
2389 2099 2615 2152 maxima

216 2189 425 2242 dissidia
462 2195 576 2240 orta
612 2205 747 2253 esse,
787 2184 1108 2237 notissimum
1150 2191 1242 2236 est.

356 2295 480 2349 VII.
555 2294 951 2347 Administratio
1000 2280 1311 2346 dioecesaiza.
1389 2293 1434 2344 1.
1496 2291 1819 2345 Ordinariat,
1859 2293 2110 2364 archiep,
2164 2293 2253 2364 qui
2289 2293 2615 2347 administrat

215 2385 487 2439 dioecesim
543 2384 637 2436 sub
693 2381 950 2454 praesidio
1009 2379 1257 2452 Archiep.
1314 2398 1431 2432 cum
1491 2381 1604 2432 Vic.
1659 2399 1806 2450 gen.,
1865 2382 1897 2432 6
1957 2379 2135 2433 consil.
2189 2379 2337 2452 (Dec,
2387 2389 2438 2434 et
2474 2382 2611 2452 can.)

215 2475 245 2526 3
284 2490 548 2538 assessor.,
609 2472 631 2523 1
675 2470 822 2523 refer.
855 2467 1012 2538 jurid.
1075 2500 1136 2507 ——
1199 2471 1247 2522 2.
1308 2467 1560 2520 Tribwnal
1609 2479 1816 2538 metrop.
1866 2467 1959 2519 sub'
1999 2466 2111 2519 Vic,
2161 2485 2278 2537 gen.
2331 2476 2384 2520 et
2432 2468 2614 2522 consil.

213 2562 422 2627 iisdem,
479 2568 633 2631 atque
679 2557 1037 2612 ordinariatuS.
1097 2588 1163 2594 ——
1221 2557 1267 2608 3.
1314 2554 1643 2627 Officialatus
1691 2555 1912 2626 archiep.
1963 2556 2058 2607 sub
2106 2572 2272 2626 praes.
2310 2554 2424 2607 Vic.
2476 2572 2613 2626 gen.,

211 2651 247 2701 4
285 2648 486 2714 consil,
529 2649 551 2699 1
597 2646 747 2699 refer.
781 2643 942 2715 jurid.
982 2676 1048 2682 —
1087 2645 1137 2695 4.
1181 2643 1561 2697 Gom-‘missiones
1587 2663 1692 2714 pro
1729 2664 1896 2697 emam,
1935 2644 2175 2717 synodali
2223 2652 2274 2697 et
2322 2662 2421 2715 pro¹
2467 2644 2613 2697 semi-

211 2737 372 2789 nario.
411 2767 478 2773 —
519 2738 565 2786 5.
611 2733 939 2787 Cancellaria
976 2731 1200 2802 archiep.
1253 2749 1370 2784 cum
1411 2732 1434 2782 1
1482 2730 1603 2797 dir.,
1658 2733 1680 2783 1
1729 2750 1881 2799 seon,
1938 2734 1971 2785 2
2022 2731 2260 2798 revisor„
2312 2730 2355 2783 1-
2390 2730 2613 2800 regiam,

215 2824 237 2875 1
284 2821 535 2893 expedit,
579 2823 601 2873 1
648 2820 868 2885 archiva,
910 2821 940 2870 5
981 2817 1112 2870 alliis
1151 2817 1281 2871 offic.
1323 2825 1375 2871 et
1410 2817 1673 2870 ministris,
1711 2850 1783 2859 —
1832 2821 1881 2872 6.
1925 2817 2170 2890 Officium
2202 2815 2452 2870 architem.
2490 2832 2607 2869 011111

212 2914 244 2965 2
282 2909 459 2961 archit.
501 2941 565 2947 ——-
608 2908 763 2960 Anno
808 2909 943 2960 1862
984 2913 1230 2958 tractatae
1267 2912 1413 2957 sunt:
1473 2905 1541 2956 10
1578 2923 1758 2958 0311330
1796 2904 1993 2957 011111111.
2040 2904 2092 2956 111
2145 2905 2278 2971 lma,
2340 2905 2362 2954 1
2418 2903 2470 2955 in
2520 2903 2612 2956 211⁸

211 2999 442 3062 instant,
503 2996 535 3047 7
586 3014 766 3047 0311330
814 3002 1030 3066 separat.
1069 2994 1122 3046 in
1164 2994 1297 3060 lma,
1347 2993 1384 3044 4
1420 2992 1470 3043 111
1510 2994 1627 3058 2da3
1687 2993 1718 3044 3
1758 2991 2004 3044 annullat.
2043 2991 2094 3042 in
2137 2993 2268 3055 lma,
2325 2992 2362 3042 4
2397 2990 2451 3042 in
2489 2991 2610 3057 2³⁸3

214 3086 281 3137 18
320 3102 499 3138 0311330
536 3082 725 3135 civiles,
764 3114 835 3121 —

353 3194 456 3246 Pro
496 3191 738 3265 expensis
777 3190 1114 3243 cancellariae
1151 3190 1337 3242 dantur
1374 3187 1532 3240 annui
1571 3187 1728 3240 7.000
1765 3186 1814 3239 fl.

355 3302 511 3356 VIII.
561 3301 640 3354 De
678 3301 819 3354 bonis
856 3298 1217 3351 ecclesiasticis.

354 3433 399 3465 a.
456 3410 715 3464 Beneficia
752 3416 840 3461 aut
876 3408 1010 3459 bona
1045 3406 1328 3458 immobilia
1364 3406 1556 3458 habent
1602 3412 1689 3456 aut
1739 3405 1955 3456 fundum
2007 3404 2295 3476 hypotheca
2341 3397 2607 3456 munitum,

210 3501 291 3553 Ex
332 3500 528 3554 aerario
567 3497 710 3551 nulla
744 3495 993 3569 parochia
1031 3494 1206 3547 dotata
1243 3503 1345 3561 est,
1396 3494 1486 3547 sed
1524 3501 1719 3546 tantum
1767 3492 1932 3544 tribus
1981 3491 2390 3562 supplementum
2441 3487 2605 3540 datur.

352 3609 402 3662 b.
453 3608 670 3662 Fructus
705 3605 1037 3658 intercalares
1085 3602 1446 3655 beneficiorum
1499 3609 1819 3667 curatorum,
1877 3598 2108 3652 deductis
2157 3595 2606 3648 administrationis

212 3696 468 3770 expensis,
507 3695 579 3747 ita
617 3693 940 3758 dividuntur,
985 3698 1044 3744 ut
1079 3690 1276 3742 fructus
1313 3689 1480 3760 primo
1520 3687 1795 3739 vacationis
1834 3705 2007 3739 mense
2042 3681 2359 3757 percipiendi
2396 3681 2451 3733 in
2488 3700 2606 3734 arca

213 3783 422 3855 capituli
456 3782 638 3835 ruralis
676 3787 994 3851 reponantur
1031 3784 1120 3830 aut
1154 3776 1206 3827 in
1246 3775 1444 3847 aliquot
1481 3774 1812 3827 decanatibus
1839 3772 2015 3826 decani
2043 3770 2182 3836 fiant,
2220 3768 2406 3840 reliqui
2433 3767 2604 3821 fundis

212 3870 387 3922 eccles.
425 3867 749 3941 generalibus
788 3874 875 3919 aut
909 3865 1071 3938 ipsius
1107 3862 1206 3916 loci
1242 3862 1466 3915 fabricae
1503 3861 1857 3928 conferantur,
1895 3859 1937 3912 si
1964 3859 2090 3911 haec
2125 3863 2355 3927 egestate
2391 3855 2602 3908 laboret.
