2670 4126
2430 149 2485 193 93

79 282 204 338 sesis
246 282 456 336 domum
494 279 755 353 propriam
794 280 961 334 habet.
1054 276 1160 331 Pro
1209 276 1445 331 omnibus
1493 295 1617 332 vero
1666 275 1940 349 hospitium
1988 277 2306 332 sacerdotum
2354 280 2486 335 Neo-

0 408 25 440 ,2
78 372 256 443 burqii
293 369 476 442 (dioec.
517 369 766 441 August.)
805 367 1116 422 destinatum
1155 373 1248 419 est.

1173 529 1218 594 g.
1294 526 1379 578 62.

1056 645 1149 700 De
1200 615 1496 719 bmaeficiis.

219 806 264 857 1.
325 803 566 876 Conyrua
604 801 945 872 parochorum
984 798 1243 870 generalis
1282 805 1359 849 est
1397 799 1504 850 600
1541 797 1590 849 Η.
1631 797 1828 871 [eadem
1879 809 1955 852 est
1997 804 2481 873 „evangelicorum“

71 891 352 952 coelibum,
404 891 509 943 800
559 894 812 959 „evangf‘
865 887 1163 940 maritorum
1178 884 1242 958 .],
1282 885 1603 956 reliquorum
1644 886 2064 941 beneficiatorum
2106 891 2213 943 400
2249 891 2300 944 Η.
2337 893 2481 947 rhen.

72 979 175 1034 Ubi
212 978 406 1031 reditus
447 975 678 1029 beneficii
715 975 954 1047 proprius
994 993 1279 1045 congruam
1317 993 1426 1027 non
1466 974 1580 1040 dat,
1634 974 1940 1046 plerumque
1978 977 2042 1028 ab
2083 979 2279 1031 aerario
2320 981 2482 1032 subsi-

70 1066 209 1119 dium
261 1066 550 1137 praebetur.
641 1062 901 1116 Beneficia
958 1070 1131 1115 curata
1182 1061 1406 1133 plurima
1458 1061 1605 1114 bonis
1662 1061 2009 1115 immobilibus
2064 1075 2183 1117 sunt
2238 1067 2478 1135 fundata,

0 1219 3 1226 ι
67 1149 205 1226 apud
243 1152 473 1222 singulas
514 1150 774 1204 dioeceses
813 1157 1024 1218 constat,
1066 1157 1189 1221 quot
1227 1148 1329 1202 alio
1367 1147 1522 1201 modo
1561 1149 1892 1202 sustinentur.
1968 1147 2205 1205 Inter‘se
2233 1153 2480 1207 beneficia

68 1240 235 1312 quoad
271 1230 498 1293 reditum
538 1238 690 1291 valde
729 1238 987 1291 differunt.

208 1326 256 1380 2.
283 1316 285 1318 ‚
308 1326 591 1380 Parochiae
641 1325 941 1398 reliquaque
986 1324 1232 1378 beneficia
1270 1324 1324 1376 in
1361 1324 1567 1376 titulum
1619 1324 1970 1376 conferuntur.
2067 1325 2399 1398 Capellaniae
2437 1350 2476 1382 s.

65 1415 284 1467 vicariae
323 1414 514 1467 multae
549 1413 796 1466 beneficia
832 1422 966 1466 sunt.
1039 1411 1306 1466 Beneficia
1344 1411 1597 1483 simplicia
1636 1430 1815 1482 eaque,
1857 1430 1988 1482 quae
2026 1412 2091 1465 ad
2116 1417 2477 1485 praestandam

64 1519 349 1572 congruam
405 1519 510 1553 non
568 1488 843 1567 sufficiunt,
905 1520 1019 1553 cum
1073 1500 1186 1552 aliis
1244 1500 1386 1552 unita
1426 1499 1755 1552 inveniuntur
1794 1507 1881 1551 aut
1929 1500 1984 1552 in
2023 1501 2222 1556 casibus
2257 1505 2476 1575 singulis

62 1591 395 1643 conteruntur
433 1588 767 1655 beneficiatiS,
809 1607 1030 1659 quorum
1072 1588 1375 1641 beneficium
1415 1588 1582 1640 minus
1621 1606 1854 1658 congrua
1891 1587 2058 1642 habet.

206 1678 255 1729 3.
300 1676 530 1730 Collatia
595 1677 831 1728 Vacante
858 1674 1108 1729 beneficio
1139 1675 1333 1729 liberae
1360 1665 1645 1728 collationis
1671 1675 1916 1746 petitores
1944 1677 2240 1749 episcopum
2269 1679 2474 1748 adeunt,

10 1785 13 1787 ·
61 1773 272 1818 vacante
299 1765 546 1819 beneficio
576 1764 862 1818 collationis
883 1764 1054 1834 regiae
1084 1782 1177 1834 per
1190 1763 1502 1834 gubernium
1535 1762 1713 1815 circuli
1732 1763 1954 1834 Regem,
1991 1774 2204 1819 vacante
2229 1768 2474 1821 beneficio

55 1852 488 1926 jurispatronatus
538 1852 731 1925 privati
780 1859 1060 1924 patronum
1108 1861 1312 1923 rogant.
1407 1850 1626 1904 Collatio
1674 1851 1838 1904 libera
1887 1853 2144 1922 gubernio
2197 1857 2475 1909 communi-

64 1947 222 2007 catur,
259 1948 318 1992 ut
355 1939 690 2010 confirmetur.
769 1938 1097 1994 Gubernium
1139 1938 1427 2010 petitioneS,
1468 1957 1626 2009 quum
1665 1938 1728 1991 de
1752 1939 1998 2010 parochia
2023 1950 2224 2011 agatur,
2261 1963 2472 2015 semper,

63 2045 224 2097 quum
262 2027 326 2080 de
378 2026 480 2080 alio
532 2027 776 2081 beneficio
815 2035 1016 2098 agatur,
1073 2045 1224 2097 saepe
1261 2034 1378 2079 ante
1414 2025 1889 2097 praesentationem
1929 2027 2208 2082 Ordinario
2247 2050 2474 2084 commu-

61 2114 212 2182 nicat,
254 2123 322 2181 ut,
361 2114 404 2167 si
445 2134 576 2186 quae
616 2115 860 2187 excipere
898 2114 1041 2180 velit,
1081 2113 1233 2165 dicat.
1308 2113 1654 2166 Patronorum
1691 2113 2007 2184 privatorum
2036 2120 2472 2187 praesentationes

60 2211 147 2255 aut
183 2221 277 2274 per
312 2203 640 2274 gubernium,
680 2211 769 2255 aut
805 2222 899 2274 per
934 2192 1226 2275 patronum,
1267 2210 1356 2254 aut
1393 2222 1488 2274 per
1526 2202 1695 2274 ipsum
1733 2211 2111 2274 praesentatum
2152 2205 2216 2258 ad
2243 2207 2472 2279 episcopi

60 2309 239 2343 manus
293 2291 626 2362 perveniunt,
702 2290 1046 2342 institutiones
1107 2289 1252 2360 regia
1308 2289 1692 2343 confirmatione
1749 2291 2003 2362 indigent.
2112 2293 2470 2348 Conventione

59 2377 194 2430 inter
248 2377 592 2431 Ministerium
647 2377 851 2448 regium
911 2386 962 2431 et
1017 2376 1307 2449 Episcopos
1363 2396 1406 2428 a.
1471 2378 1609 2430 1854
1670 2378 1801 2430 inita
1859 2380 2033 2454 (resol.
2091 2401 2332 2454 suprema
2371 2383 2471 2436 diei

59 2465 145 2517 28.
183 2463 327 2535 Sept.
382 2466 541 2536 1854)
598 2473 847 2518 statutum
898 2474 988 2532 est,
1039 2474 1098 2518 ut
1154 2484 1332 2519 omnes
1389 2467 1677 2538 parochiae,
1737 2466 1983 2520 beneficia
2038 2470 2468 2540 praedicatorum,

63 2551 285 2604 curatiae
342 2552 547 2623 (quibus
599 2553 835 2606 imminet
880 2553 963 2623 jus
1002 2553 1173 2626 ipsum
1223 2572 1411 2606 munus
1451 2553 1728 2607 exercendi
1777 2554 2096 2627 parochiale)
2151 2557 2210 2609 iis
2267 2566 2467 2611 tantum

61 2641 405 2708 conferantur,
465 2641 552 2712 qui
611 2641 664 2693 in
721 2643 958 2695 eoeamine
1019 2661 1289 2695 concursus
1343 2642 1546 2713 probati
1577 2643 1716 2703 sint.
1809 2641 1928 2695 Hoc
1986 2661 2202 2696 examen
2255 2645 2472 2713 singulis

60 2727 280 2780 bienniis
305 2727 370 2797 ‘in
411 2727 616 2781 civitate
655 2728 930 2800 episcopali
971 2748 1142 2782 coram
1182 2728 1540 2782 commissione
1577 2729 1641 2781 ab
1682 2728 1959 2782 Ordinario
1997 2732 2273 2803 composita
2299 2733 2470 2787 locum

59 2813 238 2882 habet3
296 2815 642 2869 commissioni
679 2816 897 2870 interest
934 2815 1311 2869 referendarius
1350 2835 1379 2867 a
1416 2816 1670 2887 gubernio
1709 2816 1886 2868 circuli
1923 2818 2285 2887 nominandUS,
2325 2822 2467 2891 cujus

61 2909 139 2953 est
175 2901 495 2969 examinare,
553 2921 679 2955 num
736 2902 995 2955 candidati
1036 2921 1064 2955 e
1095 2903 1214 2972 jure
1251 2903 1458 2974 publico
1498 2902 1769 2974 [imprimis
1825 2922 1883 2956 re
1919 2905 2250 2974 scholastica,
2310 2909 2468 2960 admi-

61 2987 363 3043 nistratione
397 3008 571 3043 rerum
609 2990 771 3062 spirit.
813 2999 866 3044 et
890 2990 1251 3063 temporalium
1278 2990 1484 3057 eccles,
1521 3008 1580 3043 re
1604 2992 1912 3066 pauperum]
1953 2993 2243 3061 didicerint,
2283 2996 2468 3066 quibus

61 3074 222 3126 curati
260 3075 512 3146 indigent.
589 3078 827 3132 Examen
866 3079 1048 3133 eccleS.
1085 3080 1288 3133 easdem
1329 3099 1411 3132 res
1451 3080 1693 3146 continet,
1734 3099 1888 3151 quam
1927 3080 2066 3134 alibi.
2107 3115 2175 3120 —-

204 3160 406 3215 Tabula
443 3162 516 3215 II.
556 3164 718 3235 docet,
759 3167 980 3220 existere
1017 3175 1382 3239 patronatuum
1420 3167 1818 3235 multitudinem,
1856 3168 2019 3220 multo
2058 3187 2175 3220 vero
2215 3169 2467 3222 minorem

61 3267 214 3320 quam
250 3248 303 3300 in
341 3249 568 3317 Austria,
629 3253 859 3324 singulas
898 3274 1018 3310 vero
1057 3256 1310 3310 dioeceses
1348 3257 1486 3310 inter.
1523 3276 1579 3310 se
1615 3257 1838 3309 maxime
1875 3255 2099 3308 differre.
2140 3287 2212 3296 —-

201 3336 266 3388 In
322 3338 562 3408 capitulis
615 3341 994 3396 cathedralibus
1048 3344 1284 3398 omnibus
1340 3343 1711 3414 Praepositum
1767 3344 2054 3397 collationis
2110 3352 2188 3396 est
2244 3343 2465 3415 PapaliS,

58 3421 258 3477 Decani
308 3425 536 3497 dignitas
588 3435 639 3480 et
689 3433 1018 3485 canonicatus
1068 3432 1327 3485 mensibus
1364 3432 1635 3504 papalibus
1675 3432 1902 3484 vacaturi
1940 3433 2284 3484 nominatione
2320 3434 2467 3502 reqia

59 3512 420 3580 conferuntur3
459 3515 646 3586 reliqui
685 3520 1010 3574 canonicatus
1049 3522 1342 3574 alternatim
1383 3522 1545 3575 tribus
1585 3523 1847 3576 mensibus
1887 3519 1951 3569 ab
1982 3518 2261 3573 Ordinario
2301 3518 2463 3571 libeie

60 3598 411 3668 conferuntur,
445 3601 610 3655 tribus
649 3603 762 3656 aliis
803 3605 1050 3660 electione
1090 3607 1299 3678 capituli
1338 3607 1400 3660 iis
1437 3609 1771 3681 providetur3
1811 3623 1988 3697 omnes
2026 3625 2147 3659 vero
2184 3607 2466 3659 vicariatus

59 3680 222 3737 libere
259 3686 323 3738 ab
362 3686 654 3741 Ordinariis
694 3691 1027 3746 conferuntur
1066 3692 1398 3766 (Concordat.
1439 3702 1533 3747 art.
1577 3694 1684 3765 X..)

202 3771 250 3824 4.
305 3771 523 3828 Fructus
559 3777 894 3831 intercalares
943 3779 1311 3851 beneficiorum
1346 3782 1575 3834 omnium
1613 3781 1676 3834 de
1713 3779 1897 3850 regula
1946 3779 2170 3831 fabricae
2220 3780 2465 3833 ecclesiae

57 3857 374 3931 respectivae
409 3860 720 3931 tribuuntur,
761 3883 921 3936 quum
959 3874 1144 3938 agatur
1182 3868 1248 3921 de
1277 3867 1524 3922 beneficio
1551 3875 1727 3920 curato
1756 3867 1986 3920 deductis
2012 3866 2463 3922 administrationis
