2592 3996
2487 78 2527 117 V

296 226 493 303 Itaque
562 243 685 283 rem
753 220 1012 283 omnibus
1080 221 1475 299 gratissimam
1526 219 1652 277 fore
1722 219 1952 296 opinor„
2047 231 2215 292 quum
2284 219 2529 281 „statum

126 330 390 406 ecclesiae
434 327 779 384 catholicaess‘
826 324 1004 382 edam.

296 430 361 488 In
430 427 807 503 describendo
876 433 1020 486 statu
1059 424 1372 484 ‚ecclesiae
1443 421 1757 480 catholicae
1837 421 2096 478 Austriae
2161 418 2528 492 yermanicae,

125 533 451 601 Borussiae‚
498 540 800 588 ceterorum
843 530 942 585 sub
975 528 1452 601 confoederatione
1481 525 1803 595 {Jermcmica
1832 525 2106 580 unitorum
2136 522 2532 578 territoriorum

126 634 235 693 hoc
282 651 422 711 opus
469 651 530 693 se
579 632 840 690 continet.
929 628 1018 687 Ad
1065 627 1586 687 reverendissimos
1632 625 1830 683 harum
1878 625 2228 685 dioecesium
2276 621 2531 681 Ordina—

50 748 53 754 '
126 737 296 794 riatus
343 752 548 812 preces
585 732 805 790 -direxi
874 738 1005 789 ante
1072 730 1175 807 hos
1222 727 1362 806 {tres
1431 747 1610 788 annos
1678 729 1856 785 enixe.
1920 745 2156 803 rogans„
2232 732 2292 782 ut
2360 724 2532 781 certis

129 835 547 914 quaestionibus
615 833 1035 911 responderent
1093 839 1149 890 et
1193 831 1370 891 libros
1429 830 1746 906 hujusmodi
1792 832 2104 908 impressos
2158 829 2292 886 mihi
2338 834 2532 886 trans—

129 940 430 996 mitterent.
545 936 705 1008 Quae
753 937 950 1012 accepi
997 952 1139 1012 opus
1187 933 1368 991 offert.
1489 933 1724 1010 Aliquot
1793 934 1986 991 curiae
2050 931 2120 990 ad
2167 932 2533 1010 quaestiones

127 1038 444 1118 propositas
490 1040 566 1097 ita
612 1035 1056 1116 responderunt7
1103 1042 1162 1094 ut
1194 1037 1531 1113 paucissima
1565 1038 1683 1110 Jam
1717 1035 2096 1094 desideranda
2144 1037 2275 1108 sint.,
2325 1034 2536 1110 aliquot

128 1148 358 1219 praeter
406 1141 729 1216 catalogum
777 1156 989 1218 paucas
1035 1137 1404 1197 resolverunt
1450 1140 1836 1214 quaestioneS„
1894 1139 2174 1196 accuratis
2229 1136 2299 1195 de
2348 1154 2535 1213 quae-

129 1242 407 1303 stionibus
474 1262 552 1301 ex
618 1241 896 1317 catalogis
942 1240 1089 1298 haud
1137 1239 1503 1299 resolvendis
1574 1243 1783 1299 notitiis
1846 1260 2033 1318 neque
2104 1240 2251 1318 apud
2296 1234 2535 1297 ‘curiam

130 1343 504 1404 existentibus
550 1362 735 1422 neque
781 1342 947 1402 brevi
1007 1350 1269 1420 tempore
1325 1341 1621 1416 habendis,
1693 1343 1901 1420 aliquot
1952 1361 2128 1421 porro
2177 1362 2263 1415 re„
2311 1341 2535 1401 silentio

132 1447 353 1532 scilicet
398 1449 755 1524 interposita,
804 1465 915 1503 una
963 1445 1207 1522 denique
1255 1442 1450 1504 verbis
1506 1447 1802 1523 expressis
1856 1447 2296 1523 inopportunum
2344 1442 2538 1501 duxe-

133 1556 283 1622 runt.
333 1548 482 1626 quod
527 1546 902 1607 intendebam.
993 1546 1120 1605 Hoc
1165 1546 1387 1624 aliaque
1435 1530 1840 1605 dubitationem
1897 1547 2028 1604 mihi
2073 1565 2187 1605 non
2236 1546 2541 1604 attulerunt

134 1650 548 1724 consideranti„
619 1659 678 1708 ut
722 1649 924 1707 librum
971 1648 1238 1722 ederem„
1307 1647 1458 1706 unde
1508 1651 1752 1706 maxima
1802 1651 2051 1708 scientiis
2100 1656 2156 1707 et
2203 1650 2541 1726 praesertim

126 1755 240 1830 juri
287 1754 567 1818 canonico
618 1759 785 1829 atque
818 1751 1146 1826 theologiae
1194 1752 1937 1828 provenirentcommoda.
2032 1750 2175 1822 Quid
2223 1750 2542 1824 ambiguum

136 1874 266 1917 esse
313 1855 554 1933 potest?
644 1853 942 1912 Publicare
1000 1871 1272 1913 numeros
1327 1856 1508 1913 omnis
1551 1856 1806 1929 generis.
1871 1855 1964 1931 qui
2009 1855 2214 1931 partim
2261 1871 2339 1910 ex
2384 1851 2544 1910 libris

132 1958 382 2034 vulgatis
428 1959 629 2036 partim
678 1955 905 2014 aliunde
953 1957 1198 2034 reperiri
1244 1955 1534 2033 possunt?
1601 1955 1848 2014 Minime.
1924 1954 2225 2013 Publicare
2272 1953 2544 2028 fortasse.

136 2067 400 2137 quantum
469 2078 701 2119 mensae
773 2058 1152 2136 episcopaleS„
1224 2056 1527 2132 dignitates
1596 2066 1651 2116 et
1724 2057 2092 2135 praebendae
2162 2056 2548 2130 canonicale&⁴

133 2163 435 2221 seminaria
481 2159 730 2219 habeant
774 2160 1039 2233 reditum.
1096 2168 1306 2238 quanta
1354 2160 1630 2218 debeatur
1677 2178 1942 2218 camerae
1994 2159 2340 2237 apostolicae
2388 2166 2546 2232 taxa„

134 2271 337 2340 quanta
384 2262 630 2323 fortasse
678 2281 894 2321 summa
942 2281 973 2319 a
1020 2261 1314 2340 republica
1364 2264 1666 2340 quotannis
1715 2262 1975 2322 solvatur
2003 2261 2032 2318 ἵ)
2083 2267 2189 2319 cet.
2239 2267 2347 2318 cet.
2440 2259 2549 2318 Ubi

135 2383 290 2423 nova
337 2365 680 2424 dioecesium
730 2365 1175 2443 circumscriptio
1224 2365 1413 2423 locum
1458 2358 1669 2438 habuit„
1717 2363 1826 2421 hae
1875 2381 2074 2422 omnes
2121 2380 2240 2436 res.,
2303 2369 2550 2439 excepta

136 2457 443 2540 ultima„'in
468 2467 604 2543 ipsis
632 2464 796 2526 bullis
830 2469 1255 2526 accuratissime
1302 2456 1917 2539 continenturqbullae
1968 2483 2112 2523 vero
2159 2465 2378 2523 centies
2422 2470 2551 2522 sunt

134 2570 469 2646 impressae.
518 2568 644 2627 Hoc
671 2571 726 2626 in
755 2566 1116 2628 dioecesibus
1147 2568 1483 2642 borussicis.j
1509 2561 1815 2638 bavariciS,
1844 2568 2134 2641 rhenanis7
2168 2565 2550 2643 compluribus

137 2672 433 2731 austriacis
467 2659 719 2748 quadrat.
792 2669 1001 2728 Ultima
1038 2689 1208 2743 ver0.,
1250 2689 1414 2748 quam
1455 2671 1613 2745 attigi
1655 2688 1801 2742 rem„
1851 2688 1927 2727 ex
1959 2670 2181 2727 ratione
2215 2675 2550 2745 quaestuum

137 2780 194 2831 et
249 2774 678 2848 erogationum.
751 2791 894 2849 quae
948 2773 1129 2847 vulgo
1196 2773 1426 2842 Budqet
1478 2772 1832 2850 appellatur.
1902 2770 2129 2848 publica
2199 2769 2551 2844 singularum

135 2875 420 2932 civitatum
467 2875 600 2933 satis
647 2891 928 2952 superque
966 2874 1172 2932 elucet.
1264 2873 1357 2932 Ex
1404 2874 1513 2932 hoc
1558 2876 1682 2951 ipso
1734 2871 1913 2944 fonte.
1978 2871 2126 2949 quod
2188 2872 2434 2949 pertinet
2482 2869 2551 2927 ad

138 2975 448 3048 Austriam„
497 2976 655 3050 cujus
705 2977 970 3053 episcopi
1006 2983 1062 3034 et
1108 2976 1351 3053 capitula
1398 2975 1735 3053 plerumque
1784 2973 2035 3032 ditissimi
2089 2990 2219 3031 esse
2266 2979 2551 3049 putantur.

139 3077 186 3134 is
233 3074 456 3152 quidem
503 3094 825 3135 mensarum
874 3077 1282 3154 episcopalium
1317 3084 1373 3134 et
1418 3076 1791 3153 capitulorum
1822 3075 2034 3133 reditus
2082 3074 2294 3131 directe
2343 3072 2552 3150 patefit,

140 3179 233 3254 qui
280 3195 357 3233 ex
390 3177 575 3248 fundo·
606 3178 888 3248 reliyionis
933 3180 1256 3257 percipitur.
1364 3176 1698 3237 Ceterorum
1743 3195 1889 3235 vero
1938 3177 2335 3253 episcoporum
2389 3174 2555 3231 redi-

139 3285 261 3352 tus„
311 3297 482 3355 quum·
524 3287 677 3337 certa
725 3280 794 3338 ad
842 3280 1072 3338 fundum
1134 3281 1430 3355 religionis
1474 3286 1749 3356 percenta
1805 3278 2041 3337 solvere
2087 3283 2426 3349 teneantur.‚
2479 3293 2555 3332 ex

140 3381 425 3456 percentis
490 3382 547 3437 in
612 3380 707 3437 illa
769 3380 1670 3457 ratione-Budget—annotatis
1716 3382 1774 3436 in
1820 3386 2035 3437 tantum
2086 3376 2285 3435 deduci
2346 3383 2554 3454 potest„

143 3488 405 3557 quantum
475 3479 823 3558 reipublicae
891 3502 970 3540 ex
1035 3483 1404 3556 fas-sionibuS,
1468 3501 1612 3559 quae
1660 3488 1966 3552 vocantur„
2037 3481 2070 3535 i.
2121 3497 2170 3534 e.
2221 3497 2297 3535 ex
2343 3476 2555 3535 reditus

142 3581 507 3642 confessione
555 3601 587 3639 a
635 3583 860 3657 singulo
907 3584 1077 3658 facta.
1142 3591 1379 3642 constat.
1471 3583 1627 3639 Idem
1680 3589 1767 3640 est
1825 3580 1894 3638 de
1941 3580 2303 3658 praelaturis.
2394 3579 2557 3636 Tan-

143 3689 257 3738 tum
303 3701 450 3741 vero
501 3682 685 3756 abest„
735 3689 793 3740 ut
839 3685 1084 3745 ecclesia
1131 3705 1208 3742 ex
1255 3685 1532 3742 redituum
1579 3702 1795 3743 summa
1826 3680 2109 3760 publicata
2157 3679 2557 3737 detrimentum

145 3785 352 3859 capiat„
398 3791 458 3842 ut
503 3791 695 3856 contra
744 3783 926 3842 falsae
971 3787 1102 3844 illae
1151 3788 1450 3864 opiniones
1484 3785 1553 3842 de
1585 3786 1876 3842 immensis
1921 3782 2203 3842 ecclesiae
2239 3780 2592 3839 catholicae·
