2670 4126
2452 103 2506 148 69

234 251 282 303 2.
320 246 504 301 Mensa
542 244 842 318 episcopalis
880 244 1099 314 (summa
1137 238 1276 313 apud
1315 238 1550 310 singulas
1607 238 1860 292 dioeceses
1901 237 2138 309 constat),
2197 254 2261 288 ex
2314 236 2512 290 aerario

39 337 256 406 ,μᾷδῒυῃ
314 354 471 408 quum
508 334 681 387 bullae
729 338 1043 386 memoratae
1092 327 1156 381 de
1193 327 1292 378 hac
1341 345 1396 379 re
1447 326 1730 398 stipulatio,
1770 333 1827 378 ut
1869 343 2059 397 „super
2095 323 2316 396 publicis
2362 326 2513 396 regni

32 474 38 482 ,
98 414 230 477 ’ἰῙνίε
268 422 570 476 nominatim
611 418 944 491 designandis
982 424 1061 469 tot
1098 434 1279 468 census
1318 413 1619 467 auctoritate
1658 414 1802 484 regia
1839 412 2188 485 imponantur,
2243 419 2369 483 quot
2407 412 2512 464 sint

7 433 344 694 &dioeceses
384 509 670 563 dotandae“
725 514 816 561 cet.
857 505 922 557 ad
961 503 1315 574 executionem
1355 501 1586 555 nondum
1638 501 1704 554 sit
1755 500 1987 554 deducta.
2064 501 2150 553 De
2191 499 2510 553 dioecesibus

85 596 365 651 Vratislav.
404 605 455 650 et
493 595 664 651 Culm.
702 593 820 647 vide
859 610 991 663 quae
1028 591 1099 642 ibi
1140 590 1398 643 dicentur.

229 685 377 738 Taxa
414 700 647 737 camerae
683 681 737 732 in
777 680 916 732 bulla
952 686 1234 732 memorata
1272 676 1418 729 finita
1457 675 1650 747 ubique
1689 683 1765 728 est
1802 675 2063 728 adnotata.

227 774 276 826 4.
314 771 502 824 Libera
538 769 897 842 episcoporum
929 764 1222 837 jurisdictio
1272 764 1559 817 secundum
1589 763 1676 833 jus
1728 762 2035 815 canonicum
2076 780 2141 815 ex
2179 761 2312 834 legis
2351 763 2511 833 regni

83 857 481 913 fundamentalis
538 855 764 909 articulis
825 857 908 907 15.
968 852 1261 926 („Ecclesia
1319 850 1621 922 evangelica
1671 869 1768 904 nec
1828 869 1933 904 non
1993 850 2508 915 romano—catholica,

82 955 141 1002 ut
176 946 341 1000 omnis
379 944 479 998 alia
515 943 729 997 societas
767 941 1025 1013 religiosa,
1065 940 1270 993 ordinat
1306 947 1358 993 et
1395 938 1724 991 administrat
1761 957 1879 991 suas
1916 958 2000 991 res
2039 939 2205 992 libere
2244 946 2295 991 et
2332 946 2510 991 manet

82 1034 135 1087 in
170 1032 494 1107 possessione
533 1039 583 1084 et
620 1032 791 1084 fructu
827 1029 1197 1095 institutorum,
1250 1026 1627 1093 fundationum,
1678 1025 1974 1092 fundorum,
2029 1045 2162 1097 quae
2212 1026 2278 1078 ad
2330 1045 2507 1078 earum

11 1137 14 1146 ’
81 1120 264 1188 cultUS,
303 1119 669 1186 instructioniS‚
722 1117 949 1171 caritatis
987 1116 1115 1169 fines
1167 1123 1289 1167 sunt
1327 1114 1637 1185 destinata“)
1682 1115 1763 1166 16.
1817 1110 2259 1185 („Commercium
2298 1113 2508 1166 societa-

81 1217 190 1261 tum
216 1207 580 1278 religiosarum
608 1225 722 1258 cum
750 1204 1104 1276 superioribus
1131 1202 1434 1256 nullomodo
1461 1201 1754 1274 impeditur.
1805 1201 2096 1255 Publicatio
2123 1202 2508 1255 ordinationum

79 1295 536 1351 ecclesiasticarum
573 1293 637 1345 iis
694 1290 1050 1358 tantummodo
1092 1291 1323 1361 subjacet
1361 1289 1757 1356 conditionibuS‚
1812 1290 1998 1361 quibus
2051 1309 2228 1343 omnes
2280 1290 2508 1361 reliquae

77 1382 453 1456 publicationes
492 1379 839 1451 subjacent.“)
884 1381 965 1432 18.
1044 1378 1199 1451 („Jus
1237 1377 1555 1444 nominandi,
1606 1378 1990 1449 praesentandi,
2032 1377 2280 1448 eligendi,
2323 1378 2506 1430 confir-

78 1470 255 1523 mandi
291 1470 346 1522 in
383 1468 709 1542 providendo
759 1466 1024 1520 beneficiis
1063 1465 1438 1532 ecclesiasticis,
1490 1465 1544 1518 in
1584 1474 1832 1537 quantum
1890 1466 2207 1538 reipublicae
2245 1466 2503 1537 competit,

77 1575 248 1630 neque
303 1557 357 1611 in
407 1558 528 1628 jure
567 1563 869 1628 patronatus
922 1563 1011 1607 aut
1047 1555 1196 1607 titulo
1237 1552 1451 1627 speciali
1489 1553 1753 1620 fundatur,
1811 1554 2071 1607 sublatum
2131 1554 2281 1624 est.“)
2341 1553 2506 1608 libere

77 1653 358 1700 exercetur.
392 1698 395 1702 Δ
469 1643 738 1712 Liberta5‚
809 1662 912 1714 qua
970 1642 1187 1696 ecclesia
1256 1641 1508 1695 catholica
1569 1640 1791 1712 gaudet,
1861 1660 2118 1712 nusquam
2189 1640 2506 1694 Germaniae

76 1734 241 1805 major
276 1740 366 1788 est.

1186 1850 1230 1915 ξ.
1306 1845 1392 1898 47.

975 1948 1071 2003 De
1115 1946 1606 2003 administratione.

224 2076 270 2128 1.
310 2073 508 2127 Vicarii
544 2072 742 2127 foranei
781 2071 890 2124 sive
929 2071 1114 2125 decani
1152 2071 1276 2141 (hoc
1315 2071 1526 2124 nomine
1563 2079 1903 2125 recensentur
1939 2074 1993 2124 in
2036 2074 2274 2126 omnibus
2309 2073 2504 2126 dioece-

73 2163 230 2230 sibuS‚
270 2172 485 2235 excepta
521 2162 830 2228 VratislaV.,
870 2161 958 2214 ubi
998 2159 1821 2232 archipresbyterinominantur)
1860 2160 1917 2212 in
1954 2161 2220 2233 plerisque
2261 2162 2499 2216 dioecesi-

71 2252 168 2304 bus
207 2249 415 2321 (Colon.
455 2250 655 2311 Trevir.
693 2249 916 2302 Monast.
956 2249 1272 2302 Paderborn.
1314 2248 1506 2321 Culm.)
1564 2271 1593 2302 a
1633 2249 1875 2322 parochis
1914 2249 2196 2320 eliguntur,
2238 2251 2303 2303 ab
2346 2250 2500 2305 Ordi-

71 2338 218 2392 nario
257 2338 627 2392 confirmantur
665 2345 715 2390 et
750 2337 1107 2404 instituuntur,
1148 2338 1202 2390 in
1241 2337 1437 2411 aliquot
1462 2338 1526 2390 ab
1556 2337 1834 2394 Ordinario
1874 2337 2222 2391 nominantur.
2299 2338 2498 2392 Eorum

6 2413 10 2415 ,
74 2425 300 2479 officium
338 2424 725 2479 ecclesiasticum
761 2425 895 2479 idem
935 2434 1011 2479 est
1049 2435 1206 2499 atque
1243 2426 1297 2478 in
1336 2426 1552 2480 Austria
1591 2427 1661 2498 (ξ.
1692 2426 1780 2499 7.).
1855 2427 2170 2498 Inspectores
2206 2428 2499 2481 scholarum

73 2531 314 2584 expressa
369 2503 568 2565 tantum
623 2511 862 2582 gubernii
918 2514 1190 2568 vocatione
1251 2514 1649 2567 constituuntur.
1762 2514 1829 2566 In
1900 2513 2100 2585 aliquot
2175 2514 2497 2568 dioecesibus

72 2600 346 2654 vicariatus
402 2600 805 2654 subdividuntur
859 2600 913 2652 in
965 2600 1278 2671 definitiones
1340 2620 1455 2653 cum
1514 2599 1875 2653 definitoribus
1929 2600 2114 2654 eodem
2153 2601 2312 2655 modo
2352 2601 2499 2656 insti-

73 2687 292 2741 tuendis,
370 2686 645 2758 Colloquia
685 2687 810 2742 cleri
847 2690 1037 2761 ubique
1075 2690 1240 2743 semel
1277 2699 1366 2742 aut
1403 2689 1597 2761 pluries
1651 2709 1747 2761 per
1770 2708 1978 2741 annum
2016 2690 2161 2743 fiunt.

217 2777 265 2828 2.
323 2773 602 2847 Superiora
659 2774 857 2830 officia:
956 2777 1250 2831 Vicariatus
1304 2778 1594 2850 yeneraZeS,
1656 2773 2070 2844 Ordinariatusj
2117 2762 2181 2830 ab
2241 2779 2496 2851 episcopis

73 2861 253 2929 libere,
312 2862 614 2934 praesertim
671 2882 700 2917 6
758 2863 1029 2931 canoniciS,
1089 2874 1486 2938 componuntur.
1574 2865 1848 2934 Expensae
1907 2865 2100 2938 partim
2158 2885 2224 2919 ex
2281 2866 2495 2931 aerari0‚

73 2949 263 3020 partim
302 2967 330 3001 e
367 2951 507 3002 taxis
543 2949 688 3003 fiunt.
773 2950 1084 3005 Tribunalia
1119 2971 1217 3024 pro
1258 2955 1426 3006 causis
1464 2953 1934 3006 matrimonialibus
1986 2954 2226 3024 (quorum
2288 2961 2495 3006 senten—

74 3035 173 3089 tiae
212 3053 277 3089 ex
313 3036 432 3108 lege
469 3037 603 3090 civili
640 3038 690 3092 d.
727 3041 776 3092 2.
816 3037 936 3092 Jan.
982 3039 1120 3091 1849
1159 3039 1354 3091 nullam
1405 3039 1458 3091 in
1497 3040 1611 3093 foro
1651 3040 1790 3092 civili
1839 3040 2031 3093 habent
2071 3040 2198 3111 vim)
2252 3048 2303 3093 et
2353 3041 2495 3093 cleri-

74 3142 248 3177 corum
295 3123 715 3195 disciplinaribus
769 3125 963 3196 ubique
1010 3125 1255 3180 existunt.
1355 3126 1422 3178 In
1459 3126 1600 3179 omni
1654 3127 1879 3181 dioecesi
1920 3129 2086 3182 laicus
2109 3128 2495 3199 jureconsultus

75 3211 359 3282 (syndicUS,
400 3212 756 3286 cancellarius)
798 3213 936 3286 apud
975 3213 1279 3266 vicariatum
1318 3217 1619 3285 generalem
1657 3224 1752 3270 cet.
1791 3211 2081 3269 adhibetur.

221 3298 269 3352 3.
327 3298 613 3370 Episcopus
668 3302 952 3355 auoeiliaris
1003 3301 1059 3354 in
1108 3311 1241 3375 part.
1298 3303 1389 3356 inf.
1440 3322 1535 3375 pro
1573 3323 1887 3376 unaquaque
1943 3302 2170 3357 dioecesi
2206 3303 2492 3356 secundum

74 3385 270 3439 bullam
311 3385 426 3455 „De
463 3386 629 3440 salute
667 3388 986 3442 animarum“
1027 3389 1286 3442 nominari
1324 3389 1466 3443 solet.

1182 3524 1226 3588 g,
1291 3521 1379 3574 48.

688 3617 781 3672 De
827 3619 1040 3676 tributis
1084 3619 1479 3678 ecclesiasticis
1523 3630 1579 3678 et
1621 3620 1885 3677 civilibus.

221 3738 269 3790 1.
314 3738 530 3794 Tributa
566 3741 902 3796 ecclesiastica
936 3762 1090 3798 sensu
1144 3745 1324 3798 stricto
1361 3765 1466 3800 non
1503 3747 1697 3818 vigent.
1787 3745 1871 3800 De
1909 3747 2224 3800 alumnatico
2260 3745 2316 3799 in
2354 3746 2489 3802 dioe-

77 3826 178 3879 cesi
215 3826 493 3883 Vratislav.
545 3831 666 3886 vide
700 3831 910 3888 ibidem.
1013 3833 1080 3886 In
1134 3834 1352 3906 singulis
1410 3835 1729 3890 dioecesibus
1788 3852 1884 3907 pro
1935 3833 2153 3887 ecclesia
2209 3833 2491 3888 cathedrali
