2670 4126
127 154 181 199 14

123 287 406 362 parochum
467 284 662 360 duplex
711 283 935 340 visitatio
993 284 1194 358 geritur
1247 306 1345 361 per
1382 285 1631 344 decanum
1681 296 1732 343 et
1770 286 2118 346 consiliarium
2168 291 2530 348 scholasticum

124 376 344 430 civilem.
433 374 687 447 Suprema
723 373 974 447 inspectio
1013 374 1359 430 ecclesiastica
1407 377 1466 429 fit
1501 395 1595 450 per
1634 377 1977 449 „Inspectores
2023 381 2314 436 scholarum
2349 381 2534 436 dioece-

121 467 324 530 sanos‘ss
364 481 489 534 quos
529 464 646 533 (art.
679 461 834 515 VIII.
862 461 1140 535 Concord.)
1178 462 1473 536 Imperator
1515 483 1611 532 „ex
1649 465 1774 518 viris
1812 465 1878 518 ab
1928 465 2176 522 Antistite
2231 469 2533 523 dioecesano

122 551 400 624 propositis
438 548 717 602 nominat.“
794 549 884 602 Ad
910 550 1009 604 hoc
1033 569 1218 603 munus
1257 550 1451 622 ubique
1476 561 1805 606 assumuntur
1831 551 2084 608 Canonici
2109 555 2260 628 capit.
2285 555 2531 624 cathedr.‚

122 639 375 712 imprimis
416 636 671 692 Canonici
708 637 1013 692 scholastici.

267 724 536 798 Depositio
573 724 957 795 magistrorum,
996 725 1140 778 nullo
1177 724 1353 778 habito
1390 730 1628 799 respectu
1678 746 1840 796 casm,
1892 747 1993 800 quo
2032 728 2258 782 criminis
2307 727 2535 782 damnati

123 833 182 869 eo
218 814 328 886 ipso
366 812 537 866 officio
585 811 871 884 privantur,
930 812 1223 867 decernitur
1260 833 1291 865 a
1329 812 1615 881 Guberni0‚
1672 815 1846 869 audito
1886 823 2109 890 patrono
2148 824 2201 870 et
2238 814 2532 870 OrdinariO.

267 903 316 955 9.
356 899 678 969 Consistoria
736 899 1049 973 (Ordinarii)
1106 901 1216 954 fere
1253 919 1520 971 nunquam
1569 902 1843 973 magistros
1894 902 2086 957 directe
2123 911 2175 957 et
2223 903 2339 957 sine
2376 902 2532 957 ullius

122 1006 377 1062 personae
423 987 719 1041 interventu
770 987 1023 1055 ordinant,
1082 1007 1240 1060 quum
1291 995 1380 1041 aut
1415 996 1664 1060 patronus
1714 998 1804 1043 aut
1839 990 2176 1044 communitas
2213 989 2536 1064 proponendi

122 1075 400 1147 magistros
431 1075 553 1146 jure
590 1075 806 1129 fruatur.

1267 1232 1278 1243 .
1357 1192 1440 1245 12.

1081 1290 1174 1346 De
1218 1195 1573 1348 {catholicis

269 1417 317 1468 1.
354 1414 494 1469 Post.
534 1434 580 1467 a.
621 1415 760 1468 1849
799 1432 1063 1486 nusquam
1093 1414 1365 1469 acatholici
1401 1415 1742 1488 parochorum
1781 1415 2150 1470 catholicorum
2190 1417 2535 1488 jurisdictioni

122 1511 244 1557 sunt
279 1502 514 1574 subjecti.

266 1594 317 1644 2.
367 1589 563 1643 Iisdem
615 1588 993 1643 conditionibus
1042 1589 1264 1662 expletis
1314 1589 1606 1643 acatholicis
1657 1590 1875 1643 liberum
1925 1597 2015 1658 est,
2072 1589 2277 1643 scholas
2317 1589 2535 1662 erigere,

121 1685 279 1749 atque
330 1676 609 1730 catholicis,
686 1676 834 1743 Quae
883 1676 1089 1730 scholae
1127 1695 1157 1728 a
1194 1675 1560 1749 Superioribus
1612 1678 1776 1731 acath.
1828 1685 1878 1731 et
1915 1677 2185 1733 Gubernio
2225 1677 2535 1751 diriguntur.

269 1766 316 1818 3.
356 1764 652 1818 Acatholici
689 1783 945 1836 nusquam
984 1764 1282 1836 obliga-ntur
1318 1765 1384 1818 ad
1409 1765 1623 1819 ferenda
1661 1783 1818 1819 onera
1842 1783 1939 1838 pro
1963 1765 2352 1820 necessitatibus
2377 1764 2536 1820 eccle·

121 1851 338 1905 siasticis
376 1852 509 1906 cath.
547 1851 940 1924 suppeditanda.

264 1942 314 1993 4.
354 1939 516 1992 Nulla
553 1939 911 2012 episcoporum
951 1938 1322 1993 catholicorum
1353 1939 1407 1992 in
1439 1939 1752 1994 acatholicos
1772 1939 2065 2010 jurisdictio
2091 1938 2321 1994 exerceri
2344 1945 2534 2011 potest.

122 2027 270 2099 Lege
321 2027 459 2079 civili
509 2035 757 2080 statutum
807 2035 914 2095 est,
982 2034 1039 2078 ut
1090 2046 1264 2079 causas
1302 2027 1707 2083 matrimoniales
1756 2027 2204 2082 matrimoniorum
2252 2026 2533 2080 mixtorum

123 2115 400 2169 tribunalia
439 2115 683 2169 eeclesiae
722 2115 855 2168 cath.
895 2123 1118 2167 tractent
1153 2123 1359 2186 praeter
1396 2123 1564 2170 certos
1602 2136 1747 2170 casus
1784 2116 1839 2170 in
1875 2115 1997 2187 lege
2035 2132 2325 2188 expressos

268 2205 315 2255 5.
378 2203 624 2274 Registra
679 2212 841 2256 status
898 2202 1061 2255 civilis
1117 2202 1311 2274 ubique
1368 2222 1398 2255 a
1445 2204 1737 2275 pastoribus
1788 2203 1896 2256 sive
1945 2202 2183 2275 parochis
2235 2199 2532 2255 acatholicis

122 2290 301 2345 eodem
339 2289 491 2343 modo
529 2290 816 2362 eademque
853 2290 1043 2344 virtute
1080 2298 1192 2343 uta
1218 2290 1481 2344 catholicis
1506 2291 1912 2360 conscribuntur,
1953 2310 2069 2345 cum
2106 2289 2263 2345 modo
2288 2287 2536 2362 parochia

121 2397 153 2431 a
190 2378 462 2433 Gubernio
500 2378 568 2430 sit
605 2377 918 2431 confirmata.
2275 2364 2278 2366 v

1223 2523 1436 2593 §.13

985 2632 1510 2699 'Pabula
1612 2631 1668 2698 I.

576 2773 720 2831 Nati
763 2783 890 2832 sunt
933 2794 1073 2832 anno
1120 2774 1297 2832 1862
1342 2777 1399 2831 in
1443 2775 1685 2844 Austria,
1747 2781 1804 2830 et
1847 2774 2078 2851 quidem.

396 2986 453 3039 in
490 2994 627 3039 terra
1122 2943 1247 2996 'Vivi
1629 2941 1822 2994 Mortui
1995 2928 2002 3014 Ι
2164 2937 2380 2993 Summa

935 3062 1140 3115 Leiiigtm
1201 3061 1423 3115 meiiigtm
1515 3060 1658 3113 Lei.gt
1718 3033 1987 3112 linegit—
2059 3056 2201 3110 Legit.
2263 3043 2268 3126 Ι
2321 3055 2478 3109 megit.

125 3174 333 3227 Austria
369 3174 580 3228 inferior
671 3216 683 3228 .
759 3215 771 3229 .
847 3216 858 3228 .
949 3177 1034 3227 46.
1042 3175 1143 3230 533
1227 3177 1308 3228 18
1313 3175 1418 3228 267
1535 3174 1689 3226 1.503
1859 3172 1964 3224 843
2038 3171 2233 3222 48036
2313 3168 2508 3222 19.110

369 3248 602 3319 superior
669 3288 680 3299 .
758 3288 769 3300 .
848 3288 860 3301 .
953 3248 1147 3301 17.180
1258 3248 1416 3301 4273
1585 3247 1693 3298 418
1861 3245 1962 3296 159
2043 3243 2234 3296 17.598
2345 3239 2506 3294 4.432

124 3319 411 3391 Salisburg.
453 3320 666 3373 ducatus
759 3361 771 3373 .
848 3360 859 3371 .
987 3320 1139 3374 3171
1264 3322 1419 3373 1.260
1548 3378 1554 3383 Ι
1624 3318 1692 3369 67
1895 3317 1965 3368 30
2077 3315 2236 3368 3238
2349 3312 2507 3364 1.290

126 3391 204 3446 S'
174 3392 286 3444 uria
320 3433 860 3446 .......
951 3393 1144 3445 24033
1260 3392 1418 3445 9.147
1585 3390 1693 3442 470
1858 3389 1966 3440 304
2041 3386 2233 3441 24.503
2347 3385 2498 3436 9.451

127 3464 397 3518 Carinthia
500 3505 862 3518 .....
990 3466 1148 3516 5.694
1260 3465 1417 3516 4.009
1626 3462 1695 3513 74
1897 3461 1963 3512 77
2077 3459 2236 3511 5.768
2344 3456 2505 3508 4086

127 3534 372 3590 Carniola
427 3578 440 3590 .
515 3578 527 3590 .
850 3577 863 3591 .
955 3537 1144 3589 12.315
1264 3537 1423 3588 1.464
1586 3534 1691 3587 202
1896 3535 1962 3584 55
2043 3530 2236 3584 1251?
2349 3527 2504 3579 1,.519

127 3608 268 3679 Terg
271 3619 360 3662 est.
402 3609 569 3668 Gorit.
610 3608 773 3663 Grad.
851 3649 861 3660 .
958 3609 1139 3660 18.761
1265 3610 1418 3660 1.789
1585 3607 1694 3657 410
1863 3607 1966 3657 100
2045 3601 2226 3654 19.171
2348 3599 2503 3652 1889

127 3680 304 3751 Tyrol.
344 3690 395 3735 et
434 3681 774 3752 Vorarlberg.
851 3721 863 3734 .
953 3681 1147 3745 23,838
1264 3681 1419 3733 1.432
1586 3678 1692 3731 246
1897 3677 1965 3730 37
2037 3673 2234 3728 24084
2351 3673 2502 3724 1.469

126 3752 379 3805 nehemia
414 3793 862 3808 ......
923 3740 1184 3805 1530231
1225 3752 1418 3804 26673
1534 3751 1692 3802 3666
1807 3750 1956 3803 1.001
2007 3730 2266 3817 1616891
2305 3744 2503 3799 27874

127 3824 359 3877 Moravia
415 3866 863 3880 ......
955 3826 1150 3877 62150
1262 3824 1418 3876 9032
1538 3823 1692 3875 1.059
1857 3821 1963 3874 318
2037 3818 2230 3870 63209
2259 3820 2265 3874 Ι
2342 3816 2501 3868 9.35Ο

128 3895 310 3952 Silesia
413 3937 863 3953 ......
959 3897 1148 3951 15.727
1261 3897 1418 3949 2142
1589 3894 1693 3946 353
1891 3893 1954 3944 61
2039 3890 2230 3942 16080
2341 3887 2500 3944 2203

1987 3976 2230 4057 ,395893
2306 3974 2499 4028 82.673
