2670 4126
617 1137 1962 1213 INTRoDIJc'rlo,

188 1301 922 1394 Notitiae*generales9
977 1319 1154 1386 quae
1211 1300 1300 1364 ad
1354 1319 1588 1368 omnes
1640 1301 1770 1367 has
1826 1300 2185 1367 dioeceses
2238 1304 2396 1366 sunt

1066 1429 1501 1498 referendae.

1187 1773 1238 1844 §-
1315 1775 1400 1827 59.

831 1896 925 1951 De
970 1897 1084 1952 situ
1129 1904 1184 1952 et
1227 1898 1751 1969 circumscriptione.

229 2061 504 2115 Dioeceses
561 2067 677 2114 octo
738 2067 902 2113 totum
955 2058 1106 2129 regni
1162 2058 1386 2111 bavarici
1443 2058 1756 2112 territorium
1813 2059 2097 2125 continent,
2167 2061 2305 2114 ultra
2362 2058 2502 2131 quod

87 2148 490 2219 Bambergensis
527 2156 728 2200 tantum
769 2145 1159 2199 archidioecesis
1199 2146 1496 2199 extenditur
1535 2147 1615 2199 cui
1653 2147 1900 2220 parochia
1937 2146 2078 2200 urbis
2123 2148 2348 2220 Coburyi
2384 2147 2501 2200 sub—

86 2237 189 2290 dita
242 2246 334 2290 est.
421 2235 676 2306 Singulae
729 2234 986 2287 dioeceses
1037 2253 1152 2287 cum
1208 2233 1410 2287 circulis
1461 2235 1686 2306 politicis
1725 2255 1834 2289 non
1884 2245 2191 2307 congruunt.
2266 2235 2411 2287 Inter
2448 2252 2503 2287 se

88 2343 147 2378 eo
185 2323 445 2390 differunt,
497 2322 636 2394 quod
662 2322 985 2375 Monacensis
1022 2330 1073 2375 et
1109 2321 1421 2392 Augustana
1458 2323 1697 2393 regiones
1735 2323 1936 2396 alpinas
1976 2324 2255 2377 continent.
2332 2322 2504 2376 Gene-

88 2411 268 2465 raliter
317 2411 574 2464 dioeceses
633 2409 900 2463 bavaricae
951 2411 1274 2480 comparatae
1325 2428 1439 2464 cum
1492 2411 1757 2464 austriacis
1809 2419 1860 2465 et
1896 2412 2085 2484 partim
2139 2429 2349 2484 quoque
2387 2429 2503 2463 cum

87 2497 666 2552 borussicis‘excellunt
702 2515 893 2567 magno
934 2497 1236 2551 clericorum
1275 2516 1519 2565 numere,
1571 2499 1970 2564 beneficiorum,
2009 2498 2314 2570 praesertim
2353 2517 2502 2570 paro-

89 2586 321 2639 chiarum
371 2585 719 2650 multitudine,
777 2584 974 2638 minore
1025 2585 1256 2638 circuitu.
1357 2585 1558 2651 Quodsi
1584 2619 1587 2626 ,
1613 2586 1882 2658 regulares
1938 2586 2202 2658 respicias,
2259 2605 2503 2639 numerus

85 2673 446 2745 religiosorum
483 2672 726 2725 relativus
763 2672 925 2725 multo
963 2673 1133 2727 minor
1171 2682 1263 2740 est,
1306 2693 1460 2745 quam
1497 2675 1551 2726 in
1590 2674 2131 2746 plerisquerAustriae
2170 2673 2501 2740 dioecesibuS,

86 2762 178 2815 sed
215 2761 380 2832 major
431 2778 586 2832 quam
626 2759 935 2814 dioecesium
989 2761 1361 2815 borussicarum
1415 2762 1759 2816 orientalium.
1835 2761 2095 2815 Numerus
2136 2779 2258 2815 vero
2295 2761 2503 2831 religio·-

88 2869 260 2904 sarum
317 2850 542 2903 caritatis
599 2849 767 2903 officio
825 2849 1114 2903 deditarum
1182 2870 1404 2922 magnus
1462 2851 1619 2904 adest.
1695 2849 2120 2922 Circumscriptio
2176 2848 2502 2914 dioecesium,

91 2936 386 3007 compositio
425 2937 767 3009 capitulorum
806 2946 901 2991 cet.
941 2938 1179 2990 nituntur
1233 2938 1286 2990 in
1325 2938 1470 2991 bulla
1508 2937 1596 2990 Pii
1633 2937 1765 2990 VII.
1845 2938 1979 3009 „Dei
2017 2958 2080 2992 ac
2116 2937 2359 2991 Domini“
2402 2935 2504 2989 diei

93 3025 136 3075 1.
177 3022 346 3095 April.
387 3026 541 3092 1818,
578 3034 854 3098 postquam
892 3027 1164 3081 conventio
1203 3028 1338 3081 inter
1376 3048 1414 3080 s.
1453 3027 1759 3080 Pontificem
1802 3034 1855 3080 et
1889 3027 2094 3098 Regem
2135 3025 2238 3078 diei
2277 3027 2323 3077 5.
2355 3022 2504 3077 Junii

92 3111 230 3164 1817
268 3129 352 3165 res
390 3112 752 3167 ecclesiasticas
793 3114 1138 3168 ordinaverat.

1189 3278 1236 3342 ἓ.
1313 3276 1398 3327 eo,

972 3395 1066 3451 De
1110 3403 1260 3452 statu
1291 3398 1613 3455 animarum.

154 3607 156 3609 ‚
239 3546 283 3599 1.
332 3544 576 3617 Reyistra
625 3557 785 3598 status
835 3548 998 3602 civilis
1039 3551 1106 3620 (ξ.
1147 3549 1220 3620 2.)
1262 3549 1607 3604 conficiuntur
1646 3572 1676 3603 a
1712 3550 1967 3622 parochis,
2025 3557 2244 3620 excepta
2283 3547 2503 3600 dioecesi

92 3631 344 3702 Spirensi,
386 3632 473 3686 ubi
503 3633 589 3703 jus
628 3634 1054 3705 francogallicum
1092 3636 1233 3689 valet
1284 3636 1423 3706 (vide
1462 3642 1508 3707 ξ.
1548 3639 1656 3709 43).

232 3716 285 3772 ’2.
322 3718 388 3771 In
426 3720 636 3791 reliquis
676 3728 872 3792 septem
909 3722 1228 3777 dioecesibus
1265 3725 1479 3796 parochi
1518 3726 1766 3778 tradunt:
1819 3726 1869 3795 a)
1910 3723 2134 3775 tabulam
2171 3740 2362 3788 eorum,
2417 3721 2507 3792 qui

4 3828 18 3866 σι,
94 3822 232 3857 anno
272 3806 552 3877 praeterito
588 3808 694 3860 nati
734 3817 870 3876 sunt,
908 3810 1104 3864 medico
1145 3812 1435 3878 districtus3
1494 3812 1549 3882 b)
1588 3812 1755 3877 officio
1794 3810 2005 3883 politico
2042 3808 2272 3862 tabulam
2311 3827 2504 3877 eorum,
