2670 4126
2415 142 2497 197 129

229 304 270 343 c.
329 277 544 341 Tributa
569 282 789 358 publica
827 275 992 340 omnis
1029 273 1235 355 generis
1276 291 1380 336 tam
1420 303 1446 335 a
1487 274 1803 337 beneficiatis
1844 295 2000 355 quam
2040 300 2070 335 a
2119 283 2267 336 bonis
2319 286 2499 339 eccles.

85 373 330 428 solvenda
368 382 488 427 sunt
526 374 706 428 eodem
746 373 899 427 modo
938 381 990 425 et
1028 390 1294 436 mensura,
1352 379 1409 422 ut
1446 370 1634 442 reliqui
1672 371 1808 424 cives
1847 378 1898 424 et
1936 370 2347 444 corporationes3
2402 373 2501 425 sin-

84 461 288 533 gularia
323 461 515 514 tributa
551 480 613 515 ex
654 462 802 515 bonis
841 458 1115 526 ecclesiast.
1153 476 1255 511 non
1295 457 1564 511 debentur.

230 571 277 623 d.
346 570 561 624 Tributa
599 570 935 624 ecclesiastica
972 586 1081 621 non
1120 567 1375 634 existunt3
1430 585 1561 638 quae
1600 566 1720 620 olim
1774 566 2026 638 vigebant
2077 566 2502 639 (cathedraticum

85 678 123 711 s,
163 657 550 729 synodaticum,
608 655 892 710 subsidium
944 653 1203 721 charitat,
1264 661 1445 726 quarta
1499 653 1842 721 decimarum,
1903 653 2223 725 legatorum,
2281 662 2504 708 mortua-

85 745 279 798 riorum
317 765 357 797 s.
396 744 568 816 portio
609 742 874 813 canonica)
917 742 1025 812 jam
1065 760 1130 795 ex
1170 742 1330 812 longo
1369 750 1600 812 tempore
1639 741 1692 792 in
1731 760 1827 793 usu
1873 758 1984 794 esse
2024 740 2301 795 desierunt.
2376 741 2505 795 Pro-

86 831 372 885 curationes
412 848 618 901 quoque
657 829 932 882 canonicae
983 847 1085 882 non
1135 830 1290 882 modo
1342 828 1553 900 antiquo
1602 828 1856 881 debentur
1906 828 1996 882 sed
2049 828 2104 881 in
2154 828 2505 901 hospitalitate

85 918 385 985 consistunt,
426 917 570 987 cujus
609 935 861 989 expensas
901 924 989 970 aut
1025 935 1144 969 arca
1183 915 1394 988 capituli
1432 915 1638 983 ruralis,
1676 924 1765 968 aut
1797 914 2012 988 parochi
2037 914 2284 970 beneficia
2310 916 2505 989 optima
2560 944 2565 947 ¹

84 1005 432 1078 possidentes,
472 1012 560 1056 aut
596 1004 787 1057 fundus
825 1003 1144 1057 intercalaris
1182 1003 1551 1057 beneficiorum
1588 1011 1812 1075 portant.

229 1131 272 1166 e.
327 1112 503 1166 Fundi
535 1112 800 1184 ρεπεν-αἰῶ
839 1121 983 1165 sunt:
1061 1114 1114 1183 1)
1153 1112 1461 1183 Brisgoviae
1498 1112 1531 1165 f.
1569 1111 1866 1183 religioniS,
1925 1112 1982 1183 2)
2022 1120 2127 1166 tres
2164 1111 2311 1165 fundi
2348 1112 2506 1166 inter·

86 1200 253 1267 calata,
293 1200 350 1271 3)
389 1219 518 1252 arca
556 1199 720 1253 eccles
760 1200 889 1253 cath.
925 1219 1112 1272 ymen,
1156 1218 1378 1272 quorum
1418 1199 1614 1259 reditus
1655 1200 1721 1252 ad
1755 1217 1839 1251 eas
1868 1199 2150 1271 portandas
2178 1199 2506 1253 necessitates

85 1287 367 1340 destinatus
405 1296 508 1354 est,
563 1305 693 1359 quae
730 1287 859 1340 nulli
898 1288 1098 1360 privato
1137 1296 1233 1341 cet.
1274 1305 1336 1340 ex
1378 1287 1530 1340 titulo
1570 1287 1731 1358 legali
1768 1288 2100 1356 incumbunt,
2153 1306 2232 1341 eX.
2271 1306 2352 1359 gr.
2389 1307 2509 1361 sup-

85 1375 399 1448 plementum
452 1375 517 1427 ad
569 1375 808 1431 ecclesias
867 1375 1263 1442 construendas,
1322 1374 1596 1447 parochias
1656 1374 1904 1427 dotandas
1963 1383 2056 1428 cet.
2155 1374 2266 1428 Hos
2322 1375 2510 1428 fundos

83 1461 351 1533 generales
390 1471 440 1515 et
477 1462 706 1534 reliquos
746 1462 1042 1533 hujusmodi
1079 1462 1265 1516 fundos
1306 1462 1513 1528 eccles,
1567 1464 1657 1536 qui
1705 1464 1764 1515 in
1816 1482 2003 1535 maqno
2054 1462 2247 1516 ducatu
2297 1462 2509 1517 badensi

85 1551 321 1615 exsistunt,
362 1548 683 1603 administrat
721 1550 979 1621 simulque
1015 1550 1293 1604 fundorum
1333 1549 1578 1603 localium
1619 1550 1992 1623 inspectionem
2032 1551 2172 1622 gerit
2197 1570 2262 1604 ex
2289 1550 2508 1604 ordinat.

85 1636 133 1689 d.
174 1638 259 1712 20.
300 1636 431 1689 Nov.
476 1639 607 1691 1861
654 1637 974 1706 „Consilium
996 1637 1383 1710 fundationum
1421 1637 1599 1692 cathol.
1638 1640 1930 1710 superius“,
1991 1638 2134 1709 cujus
2172 1638 2408 1692 membra
2444 1638 2509 1691 ab

86 1724 470 1797 archiepiscopo
511 1732 563 1777 et
602 1725 855 1796 gubernio
893 1724 1246 1781 instituuntur.
1322 1724 1469 1777 Bona
1523 1744 1735 1779 mensae
1775 1726 1958 1798 episc,
2017 1725 2230 1799 capituli
2278 1733 2510 1798 metrop,

86 1811 329 1864 ecclesiae
387 1821 632 1884 metrop,
703 1812 990 1879 seminarii,
1061 1821 1113 1866 et
1168 1812 1447 1866 fundorum
1503 1813 1813 1885 inspectioni
1877 1813 2103 1887 archiep.
2159 1813 2243 1866 vel
2298 1813 2512 1886 capituli

86 1907 304 1971 metrop.
343 1899 636 1953 immediate
693 1900 1040 1970 subjectorum
1092 1901 1155 1953 ab
1207 1900 1620 1972 archiepiscopo,
1679 1920 1814 1974 resp.
1867 1901 2113 1974 capitulo·
2142 1900 2302 1954 libere
2353 1900 2511 1953 admi-

88 1986 346 2038 nistratur.
421 1986 571 2040 Bona
609 1988 946 2059 capitulorum
985 1988 1237 2041 ruralium
1277 1988 1342 2040 ab
1382 1988 1460 2041 his
1499 1988 1654 2060 ipsis,
1695 1989 1955 2042 ordinario
1994 1989 2325 2062 inspiciente,
2377 1990 2512 2042 bona

89 2073 456 2127 beneficiorum
495 2075 558 2126 ab
595 2075 721 2147 ipsis
759 2075 1086 2143 beneficiatis,
1126 2075 1421 2128 vacantium
1461 2096 1489 2127 a
1531 2073 1811 2134 camerario
1853 2077 2062 2149 capituli
2100 2077 2301 2145 ruralis,
2341 2084 2511 2129 cetera

90 2161 244 2232 (bona
280 2160 529 2228 fabricae,
586 2162 735 2216 fundi
773 2163 838 2215 ad
877 2163 1219 2216 aedificandas
1258 2163 1497 2217 ecclesias
1536 2172 1586 2217 ct
1626 2164 1804 2218 domos
1851 2163 2198 2236 parochorum
2254 2164 2511 2231 destinati,

88 2248 224 2301 bona
250 2249 666 2321 corporationum
691 2250 994 2322 ecclesiast.)
1032 2250 1356 2321 singularum
1383 2251 1614 2304 locorum
1641 2271 1669 2303 a
1701 2254 2080 2321 „commissione
2091 2251 2507 2324 fundationum“

90 2335 752 2409 (Stiftungscommission),
812 2339 943 2390 bona
991 2338 1272 2391 fundorum
1324 2338 1645 2392 districtuum
1700 2341 1878 2393 eccles,
1930 2360 1960 2391 a
2007 2340 2230 2412 propriis
2275 2339 2510 2393 commis-

90 2417 314 2476 sionibus
353 2424 791 2477 administrantur.
869 2425 1067 2479 Omnes
1107 2426 1200 2477 has
1240 2426 1622 2491 commissiones
1661 2427 2080 2501 archiepiscopus
2119 2436 2171 2480 et
2196 2428 2510 2498 gubernium

91 2511 429 2564 communiter
465 2512 764 2580 instituunt,
822 2512 1114 2584 inspiciunt.
1191 2512 1304 2566 Pro
1336 2514 1559 2585 princip.
1600 2514 1991 2569 Hohenzollern
2044 2515 2293 2585 „consilia
2343 2514 2509 2568 admi-

89 2600 269 2651 nistr.“
311 2595 384 2651 ab'
415 2598 675 2653 ordinario
713 2598 945 2652 instituta
982 2609 1103 2653 sunt
1142 2609 1194 2653 et
1231 2600 1587 2672 inspiciuntur.

236 2706 529 2761 Secundum
567 2708 983 2762 schematismum
1022 2711 1217 2764 realem
1255 2711 1336 2763 cit.
1377 2711 1498 2762 anni
1541 2693 1678 2764 1863
1719 2712 1851 2763 bona
1902 2710 2200 2764 immediate
2260 2711 2508 2780 „consilio

92 2793 289 2848 fundat.
346 2796 478 2847 cath.
536 2803 682 2869 sup.“
742 2797 972 2867 subjecta
1027 2798 1225 2851 habent
1280 2798 1503 2852 reditum
1562 2817 1790 2851 annuum
1848 2799 2076 2852 386.892
2115 2799 2165 2851 fl.
2222 2817 2505 2871 expensam

91 2900 311 2935 annuam
362 2884 593 2936 283.760
642 2884 721 2950 fl.,
779 2891 829 2937 et
885 2892 1005 2937 sunt
1054 2886 1243 2938 valoris
1296 2886 1578 2940 7.667-832
1631 2885 1680 2939 fl.
1737 2918 1807 2925 -—
1863 2884 2037 2938 Fundi
2088 2885 2188 2938 duo
2238 2886 2507 2956 generales

92 2968 534 3023 hohenzolleriani
603 2971 795 3023 habent
861 2972 968 3025 red.
1033 2992 1153 3026 ann.
1223 2973 1382 3026 &366
1442 2973 1493 3025 fl.
1562 2990 1678 3044 exp.
1747 2991 1865 3024 ann.
1937 2973 2092 3027 5.725
2155 2973 2206 3025 fl.
2277 2972 2502 3026 valorem

98 3054 322 3108 182226
386 3057 438 3109 fl.
519 3091 589 3098 —
674 3058 847 3112 Fundi
913 3060 1255 3132 capitulorum
1325 3059 1573 3112 ruralium
1642 3059 1943 3113 badensium
2011 3061 2202 3113 habent
2274 3059 2500 3113 valorem

91 3141 322 3195 237.853
360 3142 433 3210 fl.,
471 3144 1043 3200 hohenzollerianorum
1083 3149 1292 3202 31.742.

1181 3355 1227 3422 g.
1302 3353 1389 3420 81.

793 3491 853 3553 B.
931 3496 1220 3553 moer-esis
1269 3497 1792 3568 Rottemburyensia

235 3685 421 3744 Erecta
473 3700 524 3746 et
573 3692 953 3766 circumscripta
1005 3702 1082 3747 est
1131 3693 1314 3760 bullis,
1373 3711 1506 3764 quae
1563 3709 1717 3763 supra
1766 3695 1810 3759 ξ.
1862 3690 1946 3742 79.
1999 3694 2313 3742 memoratae
2362 3696 2498 3742 sunt.

94 3773 309 3829 Constat
368 3797 435 3832 ex
494 3781 726 3852 partibus
786 3779 1086 3834 dioesesium
1154 3781 1478 3851 antiquarum
1540 3779 1909 3849 Augustanae,
1972 3775 2260 3848 SpirensiS,
2335 3775 2496 3829 Wor-

93 3864 353 3918 matiensis
391 3874 442 3919 et
489 3866 882 3942 Herbipolensis
935 3876 988 3923 et
1034 3887 1098 3924 ex
1149 3867 1405 3944 parochiis
1456 3866 1521 3920 ad
1578 3883 1868 3940 supressam
1919 3861 2342 3938 Praeposituram
2394 3861 2492 3918 Sti.

2122 3980 2148 4026 9
