2670 4126
173 138 251 180 142

304 286 345 322 e.
385 268 468 321 Ex
508 270 715 323 aerario
752 265 1070 339 respublicae
1106 285 1200 340 pro
1240 265 1454 323 ecclesia
1491 268 1742 322 catholica
1779 267 1908 322 nihil
1946 269 2110 327 datur.
2183 273 2399 331 Dotatio
2437 275 2570 349 epis-

161 365 370 428 copatus
410 357 464 408 in
503 374 702 409 summa
740 355 854 426 (pro
892 353 1075 426 episc.,
1115 353 1368 426 capitu10,
1407 355 1619 423 semim,
1658 357 2044 427 metropolitam>
2080 362 2185 415 276
2221 362 2299 431 fl.,
2357 365 2571 419 cancell.

161 445 340 516 episc.)
379 446 573 498 21.606
610 443 660 495 fi.
699 444 769 495 45
808 442 887 495 kr.
925 449 1029 508 est,
1088 441 1154 494 ad
1193 461 1348 513 quam
1386 442 1551 495 libera
1601 442 1779 495 civitas
1818 442 2144 500 Francofurt.
2185 451 2341 504 5.000
2377 451 2428 504 fl.
2467 451 2569 518 dat,

158 532 231 585 ita
266 541 324 585 ut
372 552 402 584 a
440 533 569 584 duce
606 530 824 585 Nassw.
866 530 1056 582 16.606
1095 529 1145 586 fl.
1183 532 1252 582 45
1293 530 1369 582 kr.
1409 539 1610 583 tantum
1649 531 1850 584 dentur.
1919 534 2076 586 6.000
2112 534 2163 587 fl.
2214 555 2271 589 re
2307 555 2430 592 vera
2464 556 2570 591 non

160 621 362 686 dantur,
393 639 548 691 quum
575 619 887 691 proveniant
914 637 943 672 e
971 618 1231 672 beneficiis
1260 619 1639 691 parochialibus
1666 620 1889 674 reditum
1920 620 2236 691 singularem
2263 622 2569 679 habentibus

159 727 275 761 cum
311 706 621 779 praebendis
660 706 1025 779 capitularibus
1051 706 1224 759 unitis„
1287 707 1508 759 Restant
1544 707 1706 778 igitur
1749 709 1940 761 10.606
1971 708 2041 774 fl.‚
2079 727 2174 779 pro
2212 708 2398 780 quibus
2435 711 2571 766 bona

158 794 442 850 immobilia
479 813 611 866 resp.
664 813 846 848 census
882 794 1045 848 reales
1084 793 1276 864 aliique
1314 794 1440 847 certi
1491 794 1739 866 assignati
1788 804 1923 849 sunt.
1998 795 2213 850 Reditus
2254 815 2378 850 vero
2415 797 2570 853 bono·

158 903 274 937 rum
329 901 394 935 ex
431 902 475 935 a.
517 871 656 936 1802
714 882 1066 935 saecularisat.
1123 879 1270 953 (vide
1319 881 1509 934 librum
1565 903 1733 935 meum
1782 901 1938 956 supra
1994 882 2204 936 citatum
2260 902 2381 956 pag.
2426 885 2569 955 101),

72 999 76 1001 ·
158 988 288 1042 quae
326 970 480 1023 duces
515 972 622 1023 suis
658 969 915 1024 domaniis
950 971 1424 1040 incorporaverunt,
1466 988 1666 1022 annuus
1706 977 1816 1022 erat
1854 970 2089 1023 905.000
2107 970 2158 1024 fl.
2231 971 2335 1024 Illa
2370 991 2571 1026 summa

163 1059 351 1110 10.606
388 1057 439 1110 fl.
490 1056 725 1111 nondum
767 1059 851 1129 ¹s21
907 1057 1014 1127 ejus
1066 1055 1261 1110 reditus
1299 1064 1401 1121 est,
1425 1091 1434 1095 -
1458 1073 1611 1127 quem
1653 1056 1807 1110 fiscus
1847 1055 2040 1110 ducalis
2081 1059 2344 1112 annuatim
2382 1077 2411 1112 e
2446 1059 2569 1114 solis

157 1143 478 1197 abbatiarum
515 1153 566 1197 et
602 1144 1027 1199 monasteriorum
1065 1143 1412 1196 saecularisat.
1453 1142 1600 1196 bonis
1638 1142 1871 1215 percipit.
1945 1143 2121 1198 Fiscus
2158 1145 2358 1199 ducalis
2402 1146 2568 1218 („Do-

158 1231 579 1303 manenfiscuffl),
631 1233 720 1304 qui
756 1232 912 1304 plene
950 1238 1209 1303 separatus
1248 1239 1324 1284 est
1360 1250 1390 1282 a
1426 1229 1549 1283 fisco
1587 1240 1756 1283 terrae
1798 1230 2256 1304 („Steuerfiscus“)
2310 1251 2380 1286 ex
2418 1233 2568 1287 titulo

158 1321 359 1394 privato
410 1320 669 1390 obligatus
717 1328 795 1373 est
830 1320 898 1372 ad
934 1319 1148 1372 ferenda
1198 1337 1372 1385 onera,
1431 1336 1562 1390 quae
1599 1319 1722 1372 olim
1772 1317 2009 1370 instituta
2060 1319 2320 1389 regularia
2355 1320 2562 1392 aliaque

157 1409 460 1480 portabant,
499 1426 720 1479 quorum
756 1408 892 1461 bona
927 1406 1210 1459 saecularia
1246 1405 1452 1459 reddita
1488 1405 1535 1459 ei
1572 1405 1905 1477 incorporata
1944 1414 2078 1459 sunt.
