2670 4126
187 119 270 162 124

181 249 589 304 Candidatorum
629 250 696 302 ad
737 250 931 302 clerum
969 250 1330 305 dioecesanum
1368 255 1738 325 spectantium3
1801 256 1888 327 qui
1926 256 2155 331 Principi
2191 260 2360 315 minus
2398 271 2579 333 gratus

179 345 282 403 est,
340 356 369 390 e
408 338 643 408 catalogo
682 337 912 405 deletur3
969 356 1180 391 manere
1228 358 1351 393 vero
1391 340 1547 394 debet
1596 360 1838 396 numerus
1877 344 2160 414 sufficienS‚
2216 366 2283 402 ex
2321 368 2422 420 quo
2455 348 2579 422 eligi

177 424 347 476 valeat
396 444 562 477 novus
611 423 861 478 AntisteS.
937 425 1019 479 De
1056 425 1310 480 electione
1359 428 1536 482 valent
1577 429 1711 499 juris
1750 431 2033 484 communis
2071 443 2357 506 praecepta.
2432 436 2579 489 Idem

178 511 319 566 valet
369 512 432 564 de
480 531 725 583 processu
776 513 1104 567 informativo
1143 514 1231 568 uni
1283 533 1349 568 ex
1387 515 1658 588 Episcopis
1696 517 1995 589 provinciae
2031 519 2114 572 vel
2151 519 2238 572 alii
2284 523 2581 593 provinciae

178 599 456 671 dignitario
494 600 872 654 committendo,
946 600 1005 657 Si
1043 601 1226 656 electio
1265 621 1367 655 non
1406 601 1561 656 fuerit
1598 604 1856 671 canonica,
1895 613 1984 659 aut
2020 606 2210 659 electus
2237 607 2447 662 idoneus
2473 628 2578 663 non
2662 621 2667 624 '

176 687 479 757 reperiatur,
535 685 591 740 S.
631 687 870 741 Pontifex
926 706 994 742 ex
1047 689 1261 762 speciali
1317 689 1484 759 gratia
1537 689 1765 758 indulsit,
1821 700 1879 745 ut
1929 692 2228 765 Capitulum
2277 694 2344 748 ad
2392 680 2580 750 novam

178 773 480 826 electionem
520 775 765 829 canonica
801 775 1050 830 methodo
1087 776 1257 830 valeat
1292 777 1584 849 procedere.

1043 976 1721 1039 Dioeceses.

1278 1173 1323 1238 ἓ.
1398 1170 1485 1224 so,

863 1290 937 1349 A.
1011 1291 1445 1352 Archidioecesis
1490 1293 1899 1365 Friburyensia

317 1444 694 1518 Complectitur
730 1453 899 1499 totum
937 1445 1254 1500 territorium
1280 1446 1535 1515 Badense,
1574 1448 1720 1518 cujus
1757 1447 2032 1519 parochiae
2072 1449 2196 1503 olim
2234 1449 2301 1502 ad
2326 1448 2586 1504 dioeceses

174 1531 653 1599 Constantiensem,
711 1533 1177 1604 Argentinensem,
1236 1533 1563 1606 Spirensem‚
1626 1535 2078 1602 Wormatiensem‚
2136 1536 2585 1609 Herbipolensem,

173 1619 523 1673 Basileensem
562 1629 612 1673 et
648 1620 1080 1674 Ratisbonensem
1118 1621 1501 1693 pertinebant],
1542 1623 1784 1676 circuitus
1824 1623 2032 1683 278065
2069 1633 2122 1686 l]
2163 1624 2268 1677 mil.
2308 1633 2360 1677 et
2393 1624 2587 1697 princi-

174 1716 325 1781 patus
389 1707 1157 1780 Hohenzollern-Hechingen
1226 1717 1278 1762 et
1334 1709 1400 1786 H.
1424 1743 1442 1750 -
1467 1710 1839 1783 Sigmaringen
1911 1711 1981 1776 [7.
2039 1711 2164 1765 Dec.
2228 1713 2364 1764 1849
2419 1730 2586 1783 regno

172 1795 435 1848 borussico
473 1795 684 1848 traditos
723 1803 775 1849 et
811 1795 1220 1871 incorporatos],
1260 1797 1350 1869 qui
1388 1798 1453 1850 ad
1492 1798 1762 1853 dioecesim
1803 1798 2067 1852 Constant.
2095 1798 2453 1870 pertinebant,
2493 1798 2581 1851 cir·

174 1883 340 1936 cuitus
378 1885 522 1941 21.15
559 1883 663 1936 mil.
706 1893 776 1946 [J.
851 1882 1040 1937 Erecta
1091 1884 1188 1937 fuit
1225 1885 1396 1952 bullis,
1449 1905 1581 1958 quae
1619 1890 1664 1955 ξ.
1706 1888 1789 1939 79.
1828 1894 2143 1940 memoratae
2179 1894 2312 1938 sunt.
2387 1883 2588 1950 Habuit

175 1974 207 2025 2
248 1972 472 2044 archiep.
513 1973 635 2026 3tius
681 1980 732 2026 et
769 1972 1101 2045 metropolita
1139 1981 1248 2027 est:

432 2060 869 2113 Hermannus
926 2060 1001 2114 de
1054 2060 1318 2129 Vicari,
1377 2069 1484 2114 nat.
1521 2047 1605 2115 13.
1660 2061 1759 2114 Mai
1813 2060 1979 2126 1773,
2038 2061 2145 2113 ord.
2190 2062 2234 2113 1.
2274 2058 2390 2115 Oct.
2434 2058 2587 2137 1797,

602 2147 755 2219 episc.
783 2146 942 2200 Macr.
969 2147 1002 2200 i.
1029 2167 1078 2219 p.
1106 2149 1153 2203 8.
1195 2146 1324 2220 Apr.
1366 2149 1522 2216 1832,
1562 2148 1789 2221 archiep.
1829 2148 2100 2227 inthronis.
2139 2149 2223 2200 26.
2250 2145 2404 2198 Mart.
2435 2147 2586 2200 1843.

318 2233 501 2287 Mensa
539 2238 687 2306 episc.
730 2235 924 2289 14.71Ο
959 2235 1008 2288 fl.
1065 2254 1203 2289 mon.
1242 2236 1387 2290 rhen.
1427 2235 1536 2309 [qui
1574 2235 1861 2290 secundum
1902 2234 2094 2288 bullam
2137 2233 2429 2301 „Provida“
2472 2252 2587 2287 cum

175 2322 411 2375 omnibus
467 2322 578 2375 aliis
616 2323 937 2395 episcopatus
986 2322 1236 2377 reditibus
1286 2343 1351 2378 ex
1389 2324 1529 2396 agris
1578 2323 1860 2395 fundisque
1906 2321 2182 2394 provenire
2235 2320 2448 2388 debent,
2498 2319 2588 2374 sed

176 2428 339 2481 usque
397 2410 461 2463 ad
517 2429 758 2482 praesens
808 2410 863 2462 in
916 2411 1137 2482 pecunia
1192 2420 1459 2466 numerata
1514 2411 1701 2474 dantur
1717 2452 1730 2478 ,
1799 2411 2028 2482 exceptis
2081 2408 2334 2464 reditibus
2390 2407 2587 2482 praedii

175 2498 425 2568 equestris
461 2497 608 2565 Linz,
647 2499 792 2568 cujus
829 2497 1041 2565 reditus,
1080 2498 1293 2552 inclusis
1331 2499 1584 2552 fructibus
1621 2498 1962 2565 naturalibus,
2014 2496 2238 2568 archiep.
2283 2515 2400 2550 suos
2441 2495 2586 2571 facit]

332 2585 485 2639 Tama
524 2606 759 2640 camerae
800 2588 977 2658 6681s3
1017 2586 1068 2638 fl.
1110 2586 1290 2660 [3.000
1325 2587 1375 2642 fl.
1414 2586 1534 2660 rh.].

319 2686 361 2740 Ι.
436 2687 707 2742 Dividitur
766 2689 820 2741 in
859 2689 927 2742 35
965 2688 1072 2742 dec.
1110 2690 1163 2741 in
1200 2688 1357 2755 Bad.,
1396 2690 1433 2742 4
1468 2689 1523 2740 in
1562 2689 1768 2744 Boruss,
1807 2687 1945 2740 sitos.
2019 2684 2219 2739 Decani
2252 2685 2530 2756 eliguntur„
2559 2703 2591 2736 a

176 2773 420 2846 parochis
461 2775 807 2848 capitulorum
844 2776 1107 2844 ruralium,
1146 2777 1255 2830 sive
1293 2777 1347 2829 in
1385 2784 1641 2830 conventu
1678 2775 1786 2829 sive
1837 2791 1932 2846 per
1967 2781 2087 2827 vota
2124 2772 2296 2825 clausa
2332 2771 2398 2824 ad
2436 2762 2590 2826 Ordiss

176 2861 432 2914 nariatum
486 2863 750 2916 mittendis
806 2872 856 2917 et
913 2864 985 2917 ibi
1042 2863 1341 2935 aperiendis.
1434 2862 1643 2916 Electus
1681 2870 1771 2915 aut
1809 2860 2140 2914 confirmatur
2189 2857 2254 2910 ab
2292 2856 2588 2923 OrdinariO,

178 2957 279 3016 aut,
336 2949 379 3002 si
437 2969 564 3022 opus
621 2959 711 3017 est,
767 2970 899 3004 nova
954 2952 1137 3005 electio
1196 2950 1477 3004 ordinatur.
1553 2949 1790 3020 Quisque
1846 2948 2121 3001 decanatus
2172 2945 2386 3015 insuper
2435 2944 2592 2997 habet

175 3039 535 3102 camerarium,
592 3045 642 3090 et
692 3038 937 3091 dividitur
985 3057 1079 3110 pro
1137 3037 1499 3109 magnitudine
1536 3037 1591 3089 in
1629 3039 1679 3103 2,
1736 3037 1785 3104 3,
1843 3036 1874 3087 5
1936 3032 2347 3104 „reyiunculas“,
2406 3031 2590 3103 quibus

176 3119 462 3195 definitores
498 3133 758 3197 praesunt.
1462 3139 1467 3145 '
2283 3183 2286 3186 .
2528 3159 2531 3162 f
2568 3171 2572 3173 -

318 3225 392 3278 ΙΙ.
467 3226 643 3280 Status
678 3229 978 3280 animarum
1015 3227 1239 3298 (1863):
1322 3228 1364 3279 1.
1402 3228 1460 3279 in
1495 3223 1636 3279 Bad.
1676 3223 1813 3277 cath.
1851 3221 2105 3288 897.ΟΟ8,
2143 3220 2312 3276 acath.
2339 3219 2590 3286 429.618‚

170 3313 283 3383 jud.
310 3314 522 3367 23258.
582 3317 631 3367 2.
658 3316 716 3367 in
743 3313 954 3369 Boruss.
983 3316 1193 3380 64839,
1220 3313 1384 3368 acath.
1411 3311 1583 3378 1396,
1604 3311 1715 3381 jud.
1743 3310 1865 3377 958,
1891 3308 2170 3362 universim
2196 3308 2325 3361 cath.
2345 3305 2590 3360 961847.

322 3400 527 3454 Indices
564 3413 832 3465 natorum,
879 3412 1195 3454 mortu-orum
1209 3441 1226 3465 ‚
1265 3421 1356 3454 neo
1369 3431 1388 3439 -
1401 3398 1881 3454 communicantium
1916 3394 2250 3450 ordinariatui
2287 3412 2394 3447 non
2430 3401 2594 3445 trans-

178 3487 463 3553 mittuntur,
503 3507 665 3558 quare
702 3506 944 3542 numeros
983 3487 1169 3540 afferre
1206 3506 1475 3560 nequeam.
1549 3483 1808 3538 Numerus
1847 3483 2263 3555 confirmatorum
2298 3480 2419 3533 item
2458 3478 2592 3533 ordi-

179 3574 397 3628 nariatui
433 3575 644 3646 ignotus
684 3583 778 3641 est,
818 3595 934 3629 cum
972 3595 1011 3628 s,
1046 3575 1330 3629 confirmat.
1368 3579 1750 3627 sacramentum
1788 3591 1819 3624 a
1857 3577 2082 3642 quatuor
2119 3566 2372 3640 episcopis
2411 3565 2590 3618 vicinis

178 3671 399 3733 propter
435 3662 810 3735 archiepiscopi
848 3669 1166 3716 senectutem
1203 3661 1609 3715 administretur.

328 3748 781 3803 Matrimoniorum
814 3767 954 3803 mere
992 3749 1124 3804 cath.
1165 3767 1440 3801 numerum
1477 3764 1706 3799 annuum
1744 3744 2105 3800 Ordinariatus
2142 3740 2374 3809 ignorat3
2422 3739 2592 3790 mixta

190 3850 307 3886 cum
355 3835 550 3890 educat.
597 3836 759 3908 prolis
810 3837 1083 3908 utriusque
1129 3853 1284 3889 sexus
1342 3835 1475 3888 cath.
1528 3833 1582 3904 (a
1618 3831 1707 3887 die
1746 3833 1830 3886 13.
1867 3831 2000 3903 Apr.
2042 3828 2182 3882 1859
2233 3825 2301 3880 ad
2340 3826 2422 3878 15.
2459 3825 2593 3895 Apr.
