2670 4126
223 112 278 151 94

222 239 475 310 expensis,
552 237 750 302 Quodsi
798 237 992 290 fabrica
1025 237 1268 293 ecclesiae
1306 239 1640 293 sufficientem
1692 242 1877 295 habeat
1913 243 2166 313 reditum,
2220 248 2403 301 tertiae
2453 256 2626 319 partes

222 326 381 378 fundo
420 325 749 379 emeritorum
790 325 992 391 dantur,
1032 326 1293 378 interdum
1333 345 1549 398 quoque,
1591 329 1909 400 approbante
1941 331 2210 400 gubernio,
2249 334 2446 388 fructus
2472 334 2628 391 inter-

223 415 418 468 calares
455 413 616 466 fundo
658 412 1022 465 beneficiorum
1061 432 1328 482 novorum,
1369 416 1457 486 qui
1484 416 1708 468 nondum
1737 416 1938 483 sufficit,
1978 418 2289 488 tribuuntur,
2330 430 2419 474 aut
2456 423 2626 489 etiam,

222 502 541 575 approbante
580 498 835 569 gubernio
875 509 925 551 et
964 500 1275 554 fundationis
1310 503 1628 574 respectivae
1666 503 1935 556 defensore
1972 505 2082 557 sive
2122 515 2370 574 curatore,
2409 509 2476 562 ad
2501 509 2628 563 fines

221 588 485 661 speciales,
524 594 701 657 utpote
739 586 803 638 ad
842 586 1058 639 fundum
1097 588 1331 642 beneficii
1373 590 1637 643 meliorem
1678 590 2014 659 reddendum,
2056 592 2388 648 destinantur.

1326 753 1369 817 g.
1447 751 1515 803 63

1199 871 1291 925 De
1336 871 1652 944 Episcopis.

370 1026 413 1077 1.
464 1023 554 1075 Ad
606 1041 784 1076 omnes
836 1023 1077 1076 ecclesias
1116 1023 1339 1095 archiep.
1380 1032 1432 1077 et
1469 1025 1690 1098 episcop.
1739 1026 1793 1077 vi
1830 1025 2031 1079 articuli
2070 1025 2137 1078 X.
2178 1027 2473 1082 concorda-ti
2511 1027 2630 1082 Rex

220 1112 357 1165 viros
396 1111 457 1162 iis
497 1111 696 1163 dotibus
734 1111 1011 1183 praeditOS,
1055 1131 1180 1183 quas
1207 1111 1336 1166 sacri
1366 1131 1584 1167 canones
1618 1113 1902 1185 requirunt,
1945 1113 2250 1168 nominandi
2268 1115 2389 1185 jure
2413 1115 2631 1186 gaudet.

365 1201 414 1250 2.
462 1196 646 1251 Mensa
683 1199 982 1270 episcopalis
1029 1218 1094 1252 ex
1134 1198 1429 1252 concordati
1471 1200 1686 1252 articulo
1721 1201 1819 1253 IV.
1862 1201 1947 1269 „in
1985 1200 2131 1254 bonis
2169 1201 2442 1274 fundisque
2478 1203 2632 1256 stabi-

221 1286 352 1338 libus
390 1285 587 1338 liberae
625 1285 1120 1357 archiepiscoporum
1161 1295 1214 1339 et
1250 1287 1610 1358 episcoporum
1647 1286 2074 1342 administrationi
2122 1288 2388 1342 tradendis
2444 1290 2631 1342 consti-

220 1373 444 1426 tuenda“
501 1382 625 1439 erat,
684 1392 904 1443 quorum
943 1373 1166 1426 reditum
1204 1373 1292 1426 ille
1341 1374 1585 1428 articulus
1638 1375 1797 1428 refert
1855 1375 1997 1447 (vide
2049 1375 2278 1446 singulas
2329 1372 2632 1444 dioeceses),

222 1461 360 1514 Huic
414 1479 537 1513 vero
588 1468 776 1512 statuto
831 1459 1122 1532 respublica
1178 1461 1405 1514 nondum
1461 1463 1729 1524 satisfecit.v
1813 1461 2027 1516 Reditus
2084 1463 2286 1516 debitus
2341 1463 2512 1517 adhuc
2566 1482 2633 1517 ex

218 1548 414 1602 aerario
450 1547 782 1619 pensionibus
822 1546 874 1598 in
913 1547 1143 1618 singulos
1183 1551 1385 1603 menses
1427 1549 1606 1604 divisis
1645 1549 1880 1604 solvitur.

364 1637 412 1689 3.
460 1635 613 1689 Taxa
650 1655 884 1690 camerae
922 1637 1057 1708 apud
1095 1636 1326 1708 singulas
1369 1637 1630 1692 dioeceses
1671 1645 2086 1692 est'memorata.

363 1726 413 1777 4.
462 1723 846 1795 Archiepiscopi
897 1723 1032 1796 (Lex
1069 1725 1299 1778 fundam.
1339 1728 1424 1779 26.
1463 1725 1587 1796 Maji
1631 1727 1770 1779 1818
1822 1725 1924 1779 Tit.
1963 1725 2062 1778 VI.
2112 1729 2156 1794 ξ.
2208 1727 2258 1778 2.
2309 1744 2357 1780 n.
2412 1726 2488 1793 3.,
2545 1725 2633 1779 lex

220 1814 268 1865 9.
308 1812 461 1864 Mart.
504 1812 644 1864 1828
682 1810 798 1866 Art.
837 1810 879 1863 I.
919 1831 969 1864 n.
1018 1811 1087 1881 1.)
1130 1831 1191 1866 eo
1230 1813 1342 1885 ipso
1382 1815 1614 1867 membra
1666 1812 1952 1882 „Gamerae
2001 1813 2412 1877 consiliariorum
2446 1813 2630 1884 νεφικὶ(ί

219 1908 353 1967 sunt,
382 1918 450 1952 ex
477 1898 727 1971 episcopis
754 1919 887 1951 unus
916 1898 981 1950 ad
1010 1899 1116 1952 dies
1144 1901 1276 1954 vitae
1301 1921 1331 1953 a
1357 1920 1483 1972 rege
1519 1910 1759 1967 vocatur3
1800 1900 2177 1972 archiepiscopi
2217 1899 2629 1968 „Eoecellentiae“

219 1988 425 2039 titulum
465 2005 528 2039 ex
566 1986 690 2056 lege
731 1986 936 2038 habent.
1016 1987 1204 2042 Certus
1243 1989 1304 2041 iis
1342 1989 1395 2041 in
1435 1989 1771 2060 dignitatibus
1809 1989 1959 2059 regni
1996 1987 2137 2039 locus
2177 1986 2410 2039 addictus
2447 1995 2538 2040 est.

364 2078 412 2127 5.
464 2075 535 2127 Vi
585 2074 881 2128 concordati
937 2075 1052 2146 (art.
1104 2075 1255 2147 XII.)
1310 2096 1436 2148 „pro
1486 2075 1741 2146 regimine
1780 2073 2094 2129 dioecesium
2143 2073 2548 2146 archiepiscopis
2580 2081 2635 2127 >et

220 2162 473 2235 episcopis
500 2162 552 2214 id
581 2180 732 2214 omne
761 2179 1004 2215 exercere
1028 2162 1250 2215 liberum
1290 2171 1380 2229 est,
1422 2163 1559 2234 quod
1597 2163 1649 2215 in
1694 2163 1798 2214 vim
1836 2161 2102 2234 pastoralis
2148 2178 2323 2214 eorum
2363 2160 2633 2214 ministerii

221 2252 326 2303 sive
353 2269 417 2302 ex
446 2250 804 2315 declaratione,
831 2248 941 2301 sive
971 2266 1033 2300 ex
1063 2247 1396 2318 dispositione
1424 2267 1686 2302 sacrorum
1717 2267 1974 2301 canonum
2001 2248 2280 2300 secundum
2308 2254 2631 2320 praesentem

224 2349 275 2392 et
311 2360 341 2391 a
399 2346 577 2390 sancta
631 2336 768 2392 Sede
806 2335 1139 2406 adprobatam
1197 2336 1442 2389 ecclesiae
1497 2336 1821 2407 disciplinam
1860 2335 2158 2407 competit.“
2235 2334 2353 2388 Hoc
2390 2345 2512 2388 v‘ero
2551 2337 2630 2404 ius

222 2427 440 2479 multum
499 2423 741 2495 gubernii
796 2422 1205 2476 ordinationibus
1261 2432 1312 2476 et
1361 2424 1564 2494 legibus
1614 2423 1849 2476 civilibus
1901 2422 2114 2492 infringi
2163 2412 2485 2474 notissimum
2537 2428 2632 2489 est,

225 2513 364 2584 quod
414 2512 498 2564 hic
546 2528 810 2583 exponere
857 2511 1065 2580 longius
1119 2529 1232 2563 esse
1283 2510 1499 2571 videtur.
1576 2509 1776 2575 Quodsi
1831 2517 2020 2562 statum
2072 2508 2315 2562 ecclesiae
2366 2507 2636 2561 bavaricae

227 2621 341 2653 cum
380 2599 670 2652 conditione
709 2596 955 2651 ecclesiae
994 2596 1127 2648 cath.
1181 2596 1472 2649 borussicae
1523 2613 1804 2667 compareS,
1856 2595 1991 2648 hanc
2027 2614 2092 2649 ex
2146 2595 2287 2648 omni
2323 2603 2471 2667 parte
2506 2594 2633 2648 libe-

225 2689 413 2742 riorem
451 2705 560 2739 esse
597 2685 842 2738 facillime
880 2683 1158 2753 intelliges,

370 2776 417 2826 6.
455 2773 554 2826 Jus
591 2772 886 2844 conferendi
924 2771 1162 2841 beneficia
1202 2768 1543 2823 ecclesiastica
1584 2768 1723 2840 (vide
1763 2772 1808 2836 ξ.
1837 2769 1920 2821 62.
1951 2788 2089 2821 num.
2130 2768 2203 2839 3.)
2241 2768 2296 2821 in
2333 2765 2632 2822 concordati

225 2871 317 2917 art.
371 2861 469 2914 XI.
507 2860 677 2912 verbis
728 2859 984 2932 expressis
1024 2857 1314 2914 Ordinariis
1364 2856 1608 2908 tribuitur
1647 2854 1815 2925 quoad
1867 2855 2037 2906 omnia
2075 2853 2338 2920 beneficia,
2396 2852 2462 2906 ad
2501 2871 2633 2923 quae

230 2954 272 3004 1.
311 2949 444 3020 Reqi
482 2948 588 3000 sive
618 2947 1052 3016 jurispatronatus
1092 2944 1240 2996 titulo
1278 2942 1560 3013 antiquitus
1598 2951 1648 2993 et
1684 2941 1837 2993 modo
1864 2941 2106 3012 ,legitimo
2144 2940 2393 3011 acquisito
2435 2939 2544 2992 sive
2581 2940 2630 2993 vi

225 3039 362 3090 illius
402 3035 606 3088 articuli
646 3033 946 3107 [„Majestas
985 3053 1076 3085 sua
1114 3030 1460 3105 praesentabit
1498 3028 1560 3080 ad
1600 3046 1658 3080 ea
1683 3027 1948 3090 beneficia,
1987 3027 2048 3079 ad
2090 3047 2220 3098 quae
2247 3026 2632 3099 corporationes

228 3126 408 3179 eccles
466 3131 580 3175 actu
639 3141 745 3174 non
799 3121 1074 3173 existentes
1111 3114 1593 3190 praesentabant“],
1651 3117 1699 3167 2.
1742 3114 1954 3185 privatis
2002 3114 2152 3167 titulo
2195 3114 2630 3185 jurispatronatus

225 3213 456 3283 legitimo
489 3212 572 3280 jus
598 3206 959 3280 praesentandi
985 3225 1090 3259 non
1119 3204 1372 3276 competit.
1446 3202 1587 3255 Illud
1614 3221 1734 3269 vsero
1762 3201 2059 3254 conferendi
2078 3202 2162 3271 jus
2201 3219 2258 3254 eo
2284 3199 2628 3271 restringitur,

228 3301 369 3371 quod
409 3300 666 3370 „personis
703 3294 958 3366 majestati
993 3313 1119 3346 suae
1155 3294 1353 3364 qratis“
1394 3299 1590 3342 tantum
1632 3289 1853 3342 conferri
1890 3298 2118 3361 possunt.

1331 3454 1375 3517 s.
1451 3451 1536 3502 64.

1121 3571 1214 3627 De
1259 3569 1740 3627 (administratione.

377 3736 420 3787 1.
475 3731 674 3786 Decumi
735 3726 1017 3801 (quomodo
1072 3723 1434 3790 instituantur,
1494 3721 1630 3794 apud
1685 3721 1914 3793 singulas
1971 3719 2226 3801 dioeceses
2282 3718 2620 3791 memoratur)

230 3840 414 3876 munus
472 3819 637 3873 simile
692 3825 768 3871 est
822 3825 878 3868 ut
932 3817 985 3868 in
1041 3811 1252 3866 Austria
1308 3811 1372 3883 (ξ.
1427 3810 1475 3863 ’7.
1532 3809 1620 3862 sed
1670 3809 1787 3862 vide
1837 3812 1882 3878 ξ.
1938 3807 2060 3880 68.).
2153 3804 2372 3859 Praeter
2431 3823 2517 3861 eos
2566 3804 2622 3859 in
