2670 4126
182 121 266 163 148

324 250 425 304 III.
471 251 725 305 Olor-2⁶3.
805 271 847 302 a.
888 251 1162 306 Institutio.
1241 253 1286 306 1.
1329 253 1515 306 Semin.
1546 273 1755 324 pueror.
1795 258 1829 308 2
1868 275 1981 309 cum
2023 260 2056 310 9
2094 279 2224 333 resp.
2263 265 2332 318 23
2371 265 2579 333 alumn.‚

180 339 268 410 qui
309 339 641 410 gymnasium
679 340 1024 408 frequentant.
1101 342 1150 391 2.
1192 339 1448 394 Seminar.
1487 341 1651 394 cleric.
1690 360 1807 394 cum
1850 343 1915 396 13
1955 344 2191 400 alumnis.
2259 350 2582 423 Theologiae

177 426 435 479 candidati
474 425 643 479 studia
682 425 835 479 theol.
890 425 943 478 in
993 426 1325 480 universitate
1374 427 1545 498 aliqua
1594 428 1675 482 vel
1726 429 1989 483 academia
2038 433 2337 504 absolvunt,
2395 440 2582 510 quibus

177 514 422 568 absolutis
460 513 511 565 in
552 513 792 566 seminar.
832 513 1165 584 recipiuntur.

324 601 369 653 b.
440 600 639 654 Titulus
685 600 1026 654 ordinationis
1075 602 1314 654 constitui
1367 602 1496 655 solet
1546 602 1796 674 obligatio
1858 623 2167 676 magnorum
2230 628 2581 681 possessorum

176 697 263 741 aut
300 687 598 759 hypotheca
639 687 896 740 candidati
938 688 1163 760 (patrim.
1202 689 1321 760 tit.).
1398 694 1402 697 *

321 794 362 827 c.
416 774 622 828 Status:
683 795 722 828 S.
773 795 812 830 S.
860 776 980 830 275.
1034 777 1195 829 curati
1246 778 1368 830 250.
1452 775 1595 829 Unus
1642 797 1743 831 sac.
1801 778 1875 830 ad
1921 780 2052 832 cath.
2105 783 2239 850 560,
2293 804 2428 838 umus
2477 794 2583 840 eur.

177 862 242 915 ad
281 864 401 916 626.
449 894 521 902 —

325 970 423 1023 IV.
488 970 817 1043 Reyulares„
875 971 1128 1042 Religiosi
1180 971 1328 1025 nulli.
1415 970 1723 1042 Religiosae.
1808 972 1978 1027 Adest
2026 978 2046 1027 1
2105 997 2242 1030 mon.
2328 979 2586 1036 Benedict.

181 1066 379 1130 perpet.
421 1058 645 1125 adorat.,
689 1061 708 1110 1
756 1058 1014 1126 Ursulin.,
1055 1061 1088 1111 8
1127 1059 1271 1130 hosp.
1310 1066 1361 1112 et
1399 1058 1595 1128 aliquot
1632 1060 2103 1133 orphanotrophia,
2161 1065 2345 1135 quibus
2383 1087 2587 1122 sorores

176 1146 316 1198 carit.
355 1155 618 1218 praesunt.
695 1146 813 1199 Hae
852 1165 1063 1218 quoque
1108 1146 1311 1198 scholas
1361 1155 1412 1199 et
1460 1145 1616 1198 instit.
1667 1166 1765 1218 pro
1813 1150 2122 1221 recipiendis
2170 1151 2451 1208 infantibus
2500 1174 2585 1208 ne-

173 1233 359 1303 glectis
397 1234 608 1286 habent.
682 1232 942 1288 Numerus
982 1251 1317 1305 personarum
1356 1250 1525 1304 neque
1578 1251 1642 1285 ex
1694 1234 1930 1306 catalogo
1982 1247 2199 1309 apparet
2246 1258 2412 1312 neque
2462 1242 2585 1295 mihi

174 1320 586 1375 communicatus
624 1328 716 1375 est.

322 1431 388 1484 V.
428 1431 707 1502 Beneficia.
787 1432 830 1483 1.
889 1430 1014 1501 Cap.
1067 1430 1185 1483 eccl.
1239 1429 1371 1482 cath.
1426 1429 1491 1482 ad
1544 1430 1598 1485 S.
1637 1430 1776 1484 Petr.
1832 1440 1883 1483 et
1934 1430 2028 1486 SS.
2070 1432 2220 1486 Mart.
2262 1432 2484 1508 Crispin.
2534 1447 2588 1493 et

176 1518 486 1590 Crispinian.
549 1538 663 1571 cum
702 1518 847 1584 Dec,
889 1520 920 1570 6
960 1536 1099 1585 can.,
1139 1519 1171 1569 6
1209 1517 1304 1569 vic.
1379 1516 1603 1587 Reliqua
1640 1526 1696 1570 ut
1734 1518 1786 1570 in
1825 1518 1983 1574 dioec.
2024 1519 2220 1574 Hildes.
2259 1554 2329 1563 —-

323 1609 371 1660 2.
423 1607 564 1660 Alia.
639 1608 708 1659 92
759 1605 1048 1677 parochiae.
1126 1604 1263 1657 Eccl.
1315 1623 1422 1676 par.
1472 1606 1565 1668 92,
1616 1604 1799 1659 filiales
1851 1614 1902 1659 et
1953 1626 2061 1679 cap.
2118 1609 2234 1660 150.
2311 1609 2484 1665 Vicar.
2535 1620 2584 1664 et

188 1693 497 1765 capellaniae
539 1694 669 1760 134,
709 1713 841 1764 quae
880 1694 986 1746 fere
1023 1692 1167 1744 nulla
1207 1701 1426 1764 excepta
1464 1691 1709 1745 beneficia
1745 1701 1864 1745 sunt
1899 1694 2259 1748 residentialia.

321 1780 440 1835 Juri
479 1789 782 1854 patronatus
823 1780 1100 1833 admodum
1140 1799 1303 1851 pauca
1332 1779 1558 1844 ‚subsunt
1596 1778 1873 1846 beneficia,
1912 1780 2054 1851 viget
2091 1782 2256 1836 libera
2294 1781 2512 1837 collatio.

322 1889 418 1943 VI.
459 1890 674 1945 Scholae
711 1890 842 1943 cath.
919 1893 950 1944 2
989 1909 1196 1961 gymn„
1239 1891 1258 1941 1
1307 1889 1629 1960 paedagog.,
1670 1890 1775 1943 314
1813 1890 2019 1944 scholae
2056 1892 2267 1964 paroch.

320 1999 444 2053 VII.
483 2000 895 2054 Administratio.
982 1999 1086 2052 Vio.
1122 2018 1289 2070 yener.
1327 1998 1422 2050 sub
1463 1998 1575 2052 Vic.
1614 2017 1763 2070 gen„
1806 2001 1828 2051 1
1876 2018 2083 2066 assess,
2127 2002 2147 2052 1
2195 2010 2376 2054 secret.

746 2383 836 2449 11.
944 2383 1461 2450 Vicariatus
1532 2384 2027 2469 apostolici.

1285 2582 1329 2647 g,
1394 2578 1481 2631 ss,

1041 2701 1109 2759 A.
1187 2702 1370 2774 Requi
1418 2698 1725 2758 Samoniae.

324 2874 535 2927 Lusatia
574 2876 810 2948 superior
849 2876 1043 2930 nullius
1082 2885 1159 2931 est
1175 2892 1178 2896 ·
1196 2877 1445 2932 dioecesis
1471 2876 1564 2929 sed
1590 2876 1816 2948 Capituli
1843 2877 2223 2933 Budissinensis
2242 2876 2583 2946 jurisdictioni

179 2961 466 3014 ordinariae
503 2962 747 3034 subjecta.
841 2964 1015 3028 Quum
1065 2960 1191 3017 actu
1231 2964 1448 3019 eundem
1499 2972 1654 3035 atque
1691 2964 1964 3018 vicariatus
2003 2973 2165 3035 apost.
2217 2964 2402 3016 habeat
2450 2963 2584 3018 ordi-

179 3048 404 3116 narium,
466 3057 683 3121 utraque
746 3049 992 3104 dioecesis
1053 3070 1274 3122 regnum
1325 3051 1583 3108 Saxoniae
1633 3052 1918 3116 contineat,
1981 3049 2256 3121 descriptio
2319 3049 2586 3121 utriusque

182 3136 526 3207 conjungitur.

325 3222 535 3276 Lusatia
572 3223 805 3295 superior
844 3223 967 3277 olim
1005 3224 1070 3276 ad
1109 3224 1383 3278 dioecesim
1422 3223 1735 3277 Misnensem*
1762 3223 2020 3294 pertinens
2061 3241 2126 3276 ex
2172 3232 2430 3294 tempore,
2482 3240 2584 3293 quo

181 3310 311 3363 haec
361 3310 607 3365 dioecesis
670 3312 733 3363 ab
797 3310 1008 3364 ecclesia
1063 3312 1193 3377 cath,
1257 3310 1470 3378 defecit,
1527 3310 1871 3381 jurisdictioni
1937 3310 2227 3363 ordinariae
2275 3308 2472 3362 Decani
2533 3317 2584 3361 et

181 3395 407 3468 Capituli
446 3397 827 3453 Budissinensis
867 3398 1099 3470 (Lusatia
1137 3398 1400 3471 superiore
1437 3416 1602 3469 usque
1639 3397 1703 3449 ad
1739 3415 1918 3469 pacem
1958 3397 2202 3466 Pragens.
2255 3417 2297 3451 a.
2343 3397 2479 3449 1635
2518 3395 2583 3448 ad

178 3502 398 3555 regnum
436 3484 717 3539 Bohemiae
767 3495 822 3538 ut
878 3504 1030 3558 „pars
1083 3485 1319 3538 adnexa“
1373 3484 1684 3556 pertinente)
1736 3484 1800 3535 ab
1839 3483 2159 3557 Imperatore
2208 3489 2259 3535 e't
2294 3481 2438 3552 Papa
2487 3481 2584 3533 fuit

183 3571 426 3642 subjecta.
513 3572 618 3629 Pro
676 3575 856 3640 „terris
893 3570 1160 3626 ‘Samoniae
1196 3571 1552 3625 hereditarii3“
1613 3570 1851 3624 Viam-ius
1887 3571 2188 3641 apostolicus
2235 3567 2581 3638 delegabatur,

183 3658 326 3727 cujus
369 3659 491 3728 jura.
543 3659 783 3712 mandato
833 3659 979 3730 regio
1040 3658 1146 3711 diei
1214 3660 1292 3711 19.
1343 3658 1499 3712 Febr.
1555 3658 1692 3712 1827
1755 3657 2254 3713 circumscribuntur.
2345 3654 2594 3706 Vicariusr

182 3744 493 3814 apostolicus
543 3765 574 3798 a
623 3765 751 3818 rege
795 3745 1127 3818 proponitur,
1191 3764 1219 3796 a
1269 3744 1414 3817 Papa
1463 3745 1754 3799 nominatur
1817 3752 1869 3798 et
1930 3762 2134 3816 semper
2181 3740 2466 3812 Episcopus
2525 3742 2582 3793 in

170 3831 415 3900 partibus
451 3832 851 3905 praeconisatur.
925 3833 1162 3887 Actualis
1200 3839 1303 3885 est:
