2670 4126
454 1246 508 1312 Ι.
617 1247 1106 1312 Dioeceses
1174 1244 1456 1335 Regni
1519 1241 2173 1310 Hannoveraui.

1218 1518 1262 1582 g,
1338 1515 1422 1568 85.

1006 1636 1265 1692 Notitiae
1313 1635 1615 1706 yeneralea

252 1807 293 1861 I.
334 1805 610 1859 Dioeceses
636 1805 837 1858 Hssdes,
867 1815 918 1858 et
945 1805 1259 1875 Osnabrug.‚
1299 1825 1431 1878 quae
1457 1817 1613 1859 totum
1638 1824 1855 1875 reqnnm
1881 1805 2149 1869 continent,
2196 1822 2360 1875 usque
2388 1803 2450 1856 ad
2480 1823 2523 1860 a.

116 1896 252 1947 1803
290 1894 608 1966 principatus
647 1902 808 1946 erant.
880 1892 1072 1946 Terrae
1111 1892 1342 1964 reliquae
1380 1910 1603 1962 regnum
1645 1892 1883 1946 Hannov,
1923 1893 2206 1945 formantes
2247 1901 2398 1944 antea
2444 1903 2531 1945 aut

113 1981 301 2033 nullius
342 1988 486 2032 erant
526 1980 785 2046 dioecesiS,
833 1980 1223 2051 quippe-quum
1263 1980 1314 2032 in
1358 1980 1556 2051 aliquot
1595 1979 1891 2051 regionibus
1919 1989 2039 2052 post
2072 1980 2335 2033 saeculum
2370 1982 2527 2032 ffitum

112 2068 373 2137 religionis
412 2068 543 2121 cath.
584 2068 882 2120 exercitium
923 2076 1056 2121 esset
1093 2068 1455 2139 proscriptum,
1494 2076 1581 2120 aut
1620 2067 1855 2140 pluribus
1896 2067 2214 2120 dioecesibus
2253 2068 2531 2138 subjectae,

114 2157 502 2209 Monasteriensi
555 2156 775 2223 scilicet,
836 2157 1033 2210 Hildes.
1085 2165 1180 2210 cet.
1280 2156 1458 2228 Usque
1498 2157 1560 2208 ad
1615 2177 1657 2209 a.
1715 2157 1851 2209 1803
1910 2163 2079 2208 terrae
2135 2155 2533 2208 hannoveranae

114 2244 344 2297 missioni
386 2244 648 2319 Saxoniae
687 2243 951 2297 orientalis
1001 2252 1051 2296 et
1100 2243 1358 2296 inferioris
1410 2254 1460 2295 et
1512 2244 1849 2313 moguntinae-
1900 2251 2048 2296 erant
2098 2243 2370 2312 subjectae.
2449 2244 2527 2295 Ex

22 2353 30 2374 ι
114 2350 157 2382 a.
215 2333 352 2383 1816
404 2331 536 2382 inter
588 2328 763 2401 regem
813 2339 862 2383 et
914 2330 1104 2382 curiam
1161 2331 1445 2384 Romanam
1502 2340 1775 2382 tractatum
1829 2330 1925 2382 fuit
1975 2338 2025 2382 et
2076 2329 2215 2382 bulla
2267 2329 2356 2382 Pii
2411 2329 2531 2382 VII.

118 2418 392 2489 „Impensa
442 2417 788 2471 Romanorum
842 2417 1144 2489 Pontificum
1192 2418 1508 2472 sollicitudo“
1564 2420 1648 2472 26.
1694 2419 1842 2471 Mart.
1900 2419 2040 2470 1824
2092 2417 2347 2470 dioeceses
2401 2418 2531 2470 duae

117 2505 313 2558 Hildes.
355 2515 404 2558 et
443 2504 736 2574 Osnabrug.
778 2505 1041 2557 restitutae
1081 2515 1131 2558 et
1169 2506 1232 2559 de
1271 2525 1404 2558 novo
1445 2505 1862 2578 circumscriptae
1900 2513 2047 2572 sunt,
2105 2505 2273 2575 iisque
2310 2523 2529 2575 regnum

117 2592 555 2644 Hannoveranum
597 2592 690 2662 pro
728 2593 985 2646 territorio
1023 2593 1300 2646 addictum.

246 2683 309 2746 ⁴2.
350 2680 503 2732 Bulla
541 2682 636 2732 hac
675 2689 919 2734 statutum
960 2692 1051 2748 est,
1092 2690 1147 2746 ut
1184 2681 1428 2752 Episcopi
1464 2681 1724 2752 eliqantur
1762 2701 1795 2732 a
1840 2679 2093 2750 Capitulo.
2169 2679 2353 2732 Modus
2393 2680 2529 2732 idem

119 2775 198 2819 est
222 2777 389 2838 ‘atque
427 2768 479 2820 in
517 2769 783 2840 provincia
819 2768 987 2821 Rheni
1026 2769 1321 2841 superioris.

262 2856 310 2907 3.
354 2854 588 2926 Utraque
628 2856 876 2931 dioecesis
916 2855 1211 2918 immediate
1250 2855 1474 2924 subjecta
1517 2863 1592 2905 est
1629 2854 1735 2906 sedi
1775 2854 2124 2925 Apostolicae.

262 2943 311 2993 4.
375 2941 604 3013 Utraque
662 2935 907 2995 dioecesis
964 2943 1243 3014 capitulum
1301 2943 1491 2994 habere
1545 2941 1698 2994 debet
1749 2934 2033 2993 secundum
2083 2941 2277 2994 bullam
2330 2942 2532 3010 aequali

122 3028 274 3079 modo
314 3030 671 3095 constitutum,
726 3030 1007 3101 iisdemque
1044 3030 1297 3082 reditibus
1336 3028 1644 3101 praedi-tum.
1727 3028 1910 3082 Omnes
1940 3021 2275 3100 praebendae
2321 3029 2532 3080 alternis

120 3111 315 3166 vicibus
355 3109 417 3165 ab
457 3116 692 3187 episcopo
731 3126 779 3171 et
818 3117 1040 3188 capitulo
1080 3119 1414 3185 conferuntur
1451 3112 1549 3182 ita,
1602 3125 1659 3168 ut
1694 3116 1830 3177 intra
1868 3135 1961 3169 sex
1998 3115 2344 3169 hebdomades
2386 3135 2416 3167 a
2454 3116 2536 3169 dic

122 3201 404 3253 vacationis
445 3213 801 3273 proponantur
840 3213 1065 3274 quatuor
1103 3204 1356 3257 candidati
1398 3203 1676 3275 guberniO,
1729 3205 1807 3256 cui
1842 3205 1927 3274 jus
1967 3213 2046 3257 est
2078 3192 2240 3256 unumv
2276 3222 2337 3255 ex
2379 3203 2440 3255 iis
2478 3211 2536 3255 ut

108 3288 409 3353 ‚„invisum“
457 3288 791 3359 designandi,
851 3291 937 3361 qui
992 3292 1369 3364 expungendus
1423 3300 1514 3344 est.
1590 3290 1709 3356 Quo
1759 3292 1894 3343 facto
1948 3291 2213 3362 episcopus
2265 3290 2331 3343 ad
2383 3291 2535 3344 colla-

122 3375 344 3442 tionem,
410 3376 690 3446 respective
746 3378 1023 3449 capitulu'm
1082 3381 1215 3431 intra
1273 3387 1495 3449 quatuor
1550 3379 1894 3432 hebdomadas
1951 3377 2185 3449 procedit
2245 3377 2308 3429 ad
2371 3379 2534 3430 nomi-

124 3463 385 3515 nationem
425 3458 574 3514 unius
615 3480 681 3514 ex
721 3465 951 3534 personis
989 3466 1242 3536 gubernio
1282 3484 1383 3517 non
1429 3465 1603 3518 invisis
1653 3484 1750 3518 nec
1800 3465 2076 3536 suspectis,
2131 3464 2212 3517 cui
2259 3465 2529 3536 episcopus

123 3549 420 3602 eanonicam
458 3549 546 3601 dat
582 3550 966 3606 institutionem.
2115 3560 2119 3561 ⁷

233 3663 235 3668 ’
267 3639 314 3689 5.
358 3637 480 3702 „Ad
520 3637 715 3689 reditus
754 3637 1058 3692 dioecesium
1098 3639 1487 3693 constituendos
1527 3640 1664 3693 intra
1700 3638 2094 3710 quadriennium
2133 3657 2163 3690 a
2201 3638 2320 3690 data
2358 3639 2529 3693 bullae

124 3723 494 3776 numerandum
534 3733 611 3777 tot
649 3724 794 3776 fundi
834 3743 893 3777 ac
931 3725 1062 3778 bona
1100 3726 1328 3793 stabilia,
1386 3726 1618 3781 decimae
1659 3736 1709 3780 et
1746 3713 1923 3778 census
1963 3725 2125 3778 reales
2176 3725 2429 3796 episcopis
2481 3736 2530 3780 et

124 3807 357 3879 capitulis
397 3828 483 3877 ea,
543 3831 644 3881 qua
680 3831 774 3882 par
812 3822 923 3865 erat
961 3814 1272 3884 quantitate,
1331 3814 1579 3868 tradenda
1620 3823 1796 3878 erant,
1849 3821 1976 3883 quot
2013 3813 2193 3864 annuis
2247 3812 2527 3883 adsignatis

125 3895 372 3948 reditibus
422 3897 486 3947 ab
536 3898 673 3951 omni
725 3901 1094 3972 cujuscumque
1143 3901 1347 3973 generis
1405 3920 1560 3955 onere
1616 3919 1824 3974 prorsus
1882 3899 2055 3953 liberis
2112 3908 2162 3951 et
2217 3900 2528 3966 immunibus

2131 4016 2185 4059 10
