2670 4126
577 1162 1931 1245 INTRGDIJOTIG.

127 1367 421 1437 Notitiae
477 1363 866 1457 generaleS,
921 1379 1100 1447 quae
1156 1358 1242 1424 ad
1300 1375 1535 1422 omnes
1597 1355 1957 1422 dioeceses
2010 1354 2401 1421 borussicas

928 1488 1089 1551 sunt
1153 1480 1589 1549 referendae.

1092 1723 1437 1732 ——-.-—.-..—.--——

1170 1890 1215 1954 s.
1278 1886 1364 1938 42.

815 2010 909 2066 De
951 2009 1062 2064 situ
1107 2015 1161 2063 et
1205 2007 1733 2079 circumscriptione.

208 2168 602 2240 Reorganisatio
630 2175 682 2220 et
714 2163 1118 2235 circumscriptio
1154 2161 1468 2214 dioecesium
1501 2161 1880 2215 borussicarum
1913 2161 2046 2214 facta
2078 2170 2154 2215 est
2174 2182 2269 2236 per
2289 2163 2484 2217 bullam

67 2258 156 2312 Pii
191 2256 317 2310 VII.
397 2255 514 2323 „De
551 2254 715 2307 salute
742 2250 1064 2304 animarum“
1105 2250 1210 2302 dat.
1240 2252 1325 2304 26.
1353 2248 1462 2304 Jul.
1497 2251 1648 2305 1821.
1723 2248 1840 2302 Hac
1878 2250 2021 2303 bulla
2060 2252 2253 2305 factum
2282 2261 2372 2320 est,
2413 2261 2486 2321 ut,

72 2344 301 2417 exceptis
337 2343 570 2416 partibus
610 2340 841 2408 Silesiae,
883 2359 1013 2411 quae
1051 2338 1117 2391 ad
1157 2338 1414 2415 dioeceses
1452 2336 1777 2409 Pragensem
1831 2346 1881 2391 et
1933 2337 2333 2395 Olomucensem
2380 2341 2488 2412 jam

74 2431 356 2504 antiquitus
408 2429 748 2502 pertinebant,
807 2426 1062 2484 Catholici
1110 2425 1260 2498 regni
1311 2425 1562 2479 borussici
1616 2425 1909 2480 Ordinariis
1964 2428 2237 2482 borussicis
2289 2437 2490 2481 tantum

75 2518 289 2590 subjecti
339 2517 453 2572 si'nt.
541 2516 734 2571 Contra
771 2534 910 2583 vero,
962 2523 1019 2568 ut
1069 2515 1204 2587 apud
1262 2513 1493 2585 singulas
1534 2513 1791 2568 dioeceses
1830 2516 2041 2587 patebit,
2097 2516 2365 2570 Ordinarii
2405 2518 2493 2570 bo-

76 2606 259 2661 russici
296 2604 483 2678 partim
521 2603 575 2656 in
612 2603 854 2675 regiones
893 2603 1111 2657 aliorum
1148 2601 1442 2674 principum
1474 2601 1892 2671 jurisdictionem
1933 2611 2187 2657 exercent.

222 2692 410 2758 Quoad
467 2691 623 2745 situm
680 2690 1009 2758 dioecesium,
1063 2689 1383 2743 diversitates
1446 2688 1653 2759 quidem
1708 2690 1950 2757 existunt,
2010 2710 2172 2762 quum
2231 2691 2493 2747 dioeceses

80 2780 512 2847 VratislaviensiS,
562 2778 1020 2846 Paderbornensis,
1073 2773 1413 2843 Coloniensis,
1467 2775 1793 2830 Trevirensis
1843 2777 2033 2850 partim
2073 2779 2314 2850 regiones
2353 2799 2496 2833 mon-

78 2876 249 2923 tuosas
287 2867 598 2922 contineant.
639 2875 840 2921 ceterae
878 2884 1000 2919 vero
1042 2882 1248 2936 campos
1286 2871 1533 2936 patentes.
1610 2863 1713 2917 Ast
1753 2864 1986 2935 ejusdem
2025 2867 2292 2935 momenti,
2349 2875 2404 2920 ut
2442 2868 2494 2920 in

83 2954 296 3009 Austria
330 2955 413 3010 vel
449 2954 668 3008 Bavaria
704 2953 998 3024 hujusmodi
1034 2951 1355 3006 differentiae
1393 2970 1499 3005 non
1537 2960 1671 3007 sunt.

230 3040 513 3108 Circuitum
563 3042 607 3095 si
655 3049 871 3115 specteS,
929 3041 1191 3094 dioeceses
1230 3058 1407 3093 omnes
1447 3039 1570 3092 satis
1611 3040 1815 3112 amplae
1852 3049 1995 3108 sunt,
2040 3042 2239 3112 aliquot
2290 3042 2497 3109 nimiae,

83 3127 388 3202 praesertim
425 3128 843 3183 Vratislaviensis
877 3134 934 3183 ‘et
970 3126 1427 3182 Paderbornensis.
1502 3126 1902 3196 Beneficiorum,
1941 3129 2192 3201 imprimis
2230 3130 2498 3200 parochia-

84 3234 201 3269 rum
251 3233 521 3268 numerum
573 3216 983 3270 considerantem
1034 3214 1172 3268 haud
1210 3214 1373 3286 fugit,
1433 3233 1588 3286 quam
1643 3216 1748 3269 sint
1803 3235 2110 3270 numerosae
2165 3217 2380 3271 relative
2435 3218 2500 3271 ad

88 3302 346 3357 dioeceses
379 3302 671 3360 austriacas,
748 3303 1074 3359 Clericorum
1125 3320 1367 3355 numerus
1417 3303 1732 3373 generaliter
1769 3303 2007 3358 sufficere
2044 3303 2265 3357 videtur.
2340 3305 2505 3359 Acce-

87 3389 176 3459 dit,
216 3389 354 3462 quod
391 3385 716 3458 monasteria,
754 3400 1053 3460 conventus,
1106 3391 1535 3463 congregationes
1586 3390 1814 3445 virorum
1852 3410 2013 3463 pauca
2055 3391 2298 3460 existunt,
2338 3393 2410 3444 ita
2447 3401 2506 3446 ut

39 3485 224 3554 „totus
262 3477 442 3545 cleruS,
501 3475 730 3549 exceptis
781 3477 919 3532 haud
955 3479 1129 3533 multis
1185 3478 1261 3532 rei
1307 3477 1647 3537 scholasticae
1703 3478 1787 3533 vel
1835 3478 2263 3533 administrationi
2302 3479 2502 3548 deditis,

87 3580 263 3619 curam
298 3564 586 3618 animarum
622 3572 874 3618 exerceat.

230 3649 298 3705 In
335 3651 650 3706 dioecesibus
687 3650 984 3720 Vratislav.,
1034 3651 1333 3706 Varmiensi
1371 3651 1613 3706 catholici
1651 3653 1704 3705 in
1742 3652 2009 3725 plerisque
2046 3652 2348 3723 regionibus
2388 3673 2503 3709 cum

93 3736 385 3793 acatholicis
421 3739 719 3811 permixtim
755 3738 958 3807 vivunt3
1013 3739 1151 3794 idem
1190 3746 1269 3793 est
1306 3739 1372 3791 de
1409 3739 1607 3812 aliquot
1654 3739 1959 3811 regionibus
2010 3739 2328 3811 reliquarum
2366 3742 2506 3797 dioe-

45 3866 50 3870 .
93 3823 299 3892 cesium,
356 3843 486 3897 quae
539 3846 600 3883 eo
654 3827 791 3882 inter
847 3845 902 3881 se
958 3826 1230 3897 differunt,
1286 3835 1345 3880 ut
1398 3826 1453 3880 in
1508 3827 1788 3900 majoribus
1841 3834 1893 3882 et
1940 3828 2245 3899 praesertim
2283 3830 2509 3902 antiquis

2140 3947 2164 3989 5
