2670 4126
2389 132 2444 178 29

217 263 506 334 resident.,'
535 267 568 320 6
619 283 729 318 can.
779 263 956 319 honor.
1007 270 1059 316 et
1107 264 1140 318 2
1190 261 1346 316 vicar.
1399 265 1544 336 (cura
1591 262 1864 319 habitualis
1913 262 2148 317 imminet
2193 263 2446 338 Decano).

215 355 345 410 Dec.
383 362 434 409 et
474 356 497 407 1
544 373 652 407 can.
690 359 812 407 sunt
846 350 1064 404 infulati.
1137 350 1375 405 Provisio·
1404 353 1593 422 partim
1628 372 1722 425 per
1749 351 2101 420 ordinarium,
2140 352 2328 423 partim
2350 373 2446 424 per

215 441 541 509 electionem,
593 440 780 513 partim
818 457 913 511 per
951 456 1130 509 regem
1167 445 1219 492 et
1253 437 1494 509 reginam
1529 438 1603 492 fit.
1676 439 1923 493 Decanus
1973 438 2130 491 habet
2177 440 2446 510 praedium

212 532 320 584 418
352 532 465 602 jug.
503 529 720 596 contin.,
765 525 985 580 reditum
1025 526 1143 579 circ.
1181 527 1325 580 2000
1352 525 1429 593 fl.;
1468 526 1795 598 praebendae
1833 526 2119 580 canonicor.
2157 527 2346 598 partim
2384 546 2449 579 ex

212 617 436 691 praediis
485 614 706 690 propriis
758 614 974 681 dantur,
1031 632 1095 667 ex
1145 613 1309 668 fundo
1359 612 1452 667 rel.
1502 632 1597 685 pro
1650 615 1682 666 5
1733 632 1845 667 can.
1895 612 2160 686 capitular.
2201 614 2353 680 3,421
2397 614 2448 667 fl.

213 705 405 776 singuli
441 704 634 756 habent
672 702 813 754 1050
849 702 900 754 fl.

114 791 171 864 2)
217 793 359 846 alia.-
414 794 447 846 2
486 789 787 859 archidiac,
845 792 907 845 31
954 790 1218 858 decanat.‚
1275 791 1380 844 375
1420 789 1724 863 parochiae,
1782 790 1819 841 4
1861 789 2035 855 local,
2096 790 2164 841 10
2213 788 2449 861 exposit,

217 885 282 936 15
322 880 497 953 capell.
536 899 789 948 a1·censeS‚
833 881 855 933 1
899 879 1143 946 resident,
1182 879 1214 932 i.
1238 899 1276 932 S.
1303 879 1424 933 438.
1499 878 1587 932 De
1606 878 1724 948 jure
1747 876 2054 949 providendi
2079 876 2198 930 vide
2222 875 2350 929 Tab.
2375 875 2449 944 Π,

213 970 279 1024 de
314 968 561 1022 reditibus
599 967 736 1021 idem
776 966 1051 1020 dicendum
1090 974 1194 1035 est,
1233 974 1293 1020 ut
1330 966 1472 1040 apud
1508 966 1834 1037 Pragensem
1872 963 2030 1018 dioec.
2066 996 2138 1003 —

355 1055 438 1109 De
476 1054 671 1109 Scholis
707 1053 918 1106 notitiae
956 1053 1130 1107 nullae
1166 1052 1296 1106 mihi
1334 1052 1483 1106 datae
1520 1059 1656 1105 sunt.

183 1149 345 1206 VIII.
416 1148 829 1203 Administratio.
905 1167 949 1200 a.
994 1147 1359 1222 Consistorium
1394 1147 1550 1200 habet
1586 1145 1884 1200 Praesidem
1929 1152 1980 1200 et
2028 1146 2062 1198 8
2113 1163 2320 1211 asseSS.,
2374 1144 2452 1196 in-

42 1234 196 1310 super
233 1239 265 1290 6
304 1236 546 1291 officiales
585 1245 636 1291 et
672 1239 706 1291 2
746 1235 888 1289 alios,
963 1235 1010 1288 E
1047 1235 1212 1288 fundo
1249 1234 1405 1306 relig.
1443 1233 1717 1306 quotannis
1754 1253 1850 1306 pro
1891 1251 1951 1286 eo
1990 1232 2179 1285 dantur
2215 1232 2373 1300 2‚153
2400 1232 2452 1283 fl.

42 1322 89 1378 b.
171 1323 424 1379 Tribunal
458 1325 844 1380 matrimoniale
883 1343 1000 1379 cum
1038 1323 1301 1392 Praeside‚
1339 1323 1684 1392 Vice-Praes.‚
1724 1323 1813 1395 qui
1850 1330 1902 1376 et
1939 1322 2177 1376 defensor
2214 1322 2451 1389 matrim„

43 1414 74 1465 5
114 1413 317 1481 consil.,
359 1414 384 1466 1
427 1431 556 1468 secr.
598 1414 623 1467 1
669 1413 931 1486 adjuncto.

184 1507 283 1561 IX.
357 1507 595 1581 Synodus
632 1507 938 1562 dioecesana
975 1505 1158 1560 ultima
1198 1507 1271 1579 (et
1307 1505 1496 1579 prima)
1535 1526 1580 1559 a.
1622 1507 1762 1560 1863
1800 1504 1975 1558 habita
2019 1511 2113 1559 est.

184 1601 252 1655 X.
318 1601 538 1675 ‘Linyua
589 1601 896 1676 (secundum
949 1601 1264 1674 catalogum)
1315 1608 1392 1654 est
1422 1601 1496 1654 ·in
1546 1589 1652 1654 316
1701 1596 1833 1653 locis
1882 1599 2092 1671 paroch.
2144 1615 2286 1651 mere
2337 1616 2456 1668 ger-

42 1692 267 1757 manica,
305 1689 358 1742 in
397 1692 464 1743 95
504 1708 649 1745 mere
687 1690 984 1758 bohemica,
1022 1690 1077 1743 in
1118 1691 1184 1744 13
1224 1689 1550 1763 potissimum
1590 1706 1781 1761 germ,
1819 1687 1873 1740 in
1912 1687 1943 1740 7
1981 1686 2157 1760 potiss.
2196 1685 2344 1753 boh.‚
2384 1685 2455 1738 ita

42 1783 99 1829 ut
134 1775 242 1831 fere
276 1784 451 1850 partes
492 1778 704 1851 quintae
741 1777 988 1832 dioecesis
1026 1785 1250 1850 quatuor
1286 1776 1614 1849 germanicae
1650 1777 1769 1831 sint.

1070 1982 1076 1992 .
1147 1939 1198 2009 §-
1272 1939 1361 1992 21.

363 2045 370 2049 Α
409 2059 469 2121 G.
559 2061 849 2117 Dioecesis
895 2061 1147 2133 Reyinae
1163 2092 1195 2104 -
1212 2060 1589 2117 Hradecensis
1639 2057 2069 2131 [Ko'niyqrdtzj.

188 2214 375 2270 Erecta
411 2215 475 2269 ab
513 2215 820 2269 Alexandro
858 2213 989 2267 VII.
1027 2213 1170 2268 bulla
1208 2213 1257 2267 d.
1299 2215 1382 2268 10.
1419 2212 1732 2266 Novembris
1773 2213 1928 2279 1664,
1969 2210 2236 2284 paululum
2275 2210 2462 2271 immu-‚

46 2309 153 2354 tata
188 2321 282 2374 per
319 2302 512 2357 bullam
549 2303 632 2356 cit.
711 2302 827 2371 „De
862 2302 1030 2357 salute
1069 2302 1404 2356 animarumf‘
1477 2300 1681 2355 Habuit
1727 2302 1795 2354 16
1832 2300 2132 2374 Episcopos.
2208 2298 2456 2353 Decimus

31 2389 291 2462 septimus
330 2398 408 2443 est
857 2407 859 2409 ’

312 2476 528 2532 Carolus
578 2476 814 2533 Borrom.
869 2475 1046 2542 Ηαηῐ,
1118 2484 1222 2531 nat.
1278 2478 1328 2531 4.
1389 2475 1535 2550 Sept.
1597 2476 1766 2544 1782,
1824 2475 1934 2556 ord.
1991 2477 2039 2529 8.
2096 2475 2240 2548 Sept.
2300 2477 2457 2543 1805,

307 2565 582 2619 inthroniz.
622 2567 704 2619 10.
740 2564 865 2621 Jun.
907 2566 1062 2620 1832.
1586 2619 1589 2627 ,

307 2652 489 2708 Mensa
526 2654 826 2726 episcopalis
862 2660 940 2707 est
975 2651 1191 2706 fundata
1229 2652 1284 2705 in
1321 2651 1548 2724 praediis
1586 2671 1741 2770 supra
1778 2650 1937 2704 4:700
1967 2651 2160 2722 jugera
2186 2651 2460 2705 continent.

309 2741 505 2794 reditus
545 2741 680 2795 circa
719 2743 805 2809 20,
809 2742 917 2795 000
953 2739 1003 2793 fl.
1043 2759 1110 2794 m.
1151 2759 1195 2793 a.

192 2844 238 2899 I.
294 2845 450 2900 Situs.
507 2846 858 2920 Amplectitur
894 2855 1027 2901 totos
1066 2847 1288 2901 circulos
1317 2846 1587 2902 Chrudim.
1627 2853 1678 2899 et
1705 2845 1965 2921 Reginae-
1959 2845 2194 2899 -Hradec.
2219 2865 2462 2916 magnam

52 2939 250 3003 partem
289 2934 464 2987 circul.
505 2933 711 2989 Caslav.
749 2942 801 2989 et
836 2934 1086 3002 Jicinen.‚
1144 2934 1371 3008 aliquam
1407 2933 1667 2988 Boleslav.
1706 2940 1758 2987 et
1807 2931 2062 2986 Taboren.
2100 2932 2154 2984 in
2190 2932 2460 2999 Bohemia‚
2539 2994 2542 2997 ⁴

52 3019 159 3072 mil.
200 3029 254 3083 [1
293 3021 428 3075 circa
467 3024 587 3077 198.
816 3023 819 3025 ’

198 3129 274 3184 II.
348 3130 617 3186 Dividitur
653 3131 709 3185 in
747 3133 812 3186 31
856 3131 1115 3209 districtus
1151 3133 1388 3185 vicariat.
1431 3129 1654 3203 (reliqua
1689 3136 1748 3183 ut
1784 3128 1838 3181 in
1875 3127 2169 3200 Pragensi).

196 3239 302 3293 III.
378 3239 553 3294 Status
607 3243 905 3296 animarum
963 3242 1182 3315 (1864):
1240 3239 1393 3296 Cath.
1453 3239 1760 3308 1‚304.025‚
1818 3237 2005 3290 Acath.
2060 3236 2284 3302 47.568‚
2340 3233 2463 3289 Jud.

59 3326 292 3394 16:777„
329 3327 361 3381 i.
400 3348 438 3383 s,
479 3329 773 3395 1,368.370.

200 3415 268 3468 A.
306 3417 469 3482 ,1862
528 3425 700 3470 erant:
759 3415 1340 3472 neo-communicantes
1396 3414 1621 3482 22803,
1695 3410 2127 3466 communicantes
2182 3407 2464 3463 universim

58 3501 288 3554 986.740
328 3502 431 3574 (1),
471 3503 719 3574 baptizati
752 3505 948 3559 42.056
987 3505 1168 3576 (masc.
1203 3504 1417 3570 21.588,
1455 3504 1573 3555 fem.
1614 3502 1699 3556 20.
1736 3501 1883 3570 463),
1922 3498 2208 3569 confirmati
2232 3498 2317 3551 22.
2341 3498 2468 3549 442.

203 3589 272 3642 A.
325 3591 463 3644 1862
513 3592 847 3645 matrimonia
894 3600 1014 3644 sunt
1063 3597 1329 3644 contracta
1380 3591 1601 3656 11.561,
1655 3595 1706 3642 et
1756 3586 1990 3658 quidem:
2048 3587 2100 3657 a)
2150 3603 2285 3637 mere
2332 3582 2462 3637 cath.

66 3674 282 3744 11.405;
322 3676 374 3748 b)
413 3679 583 3731 mixta
622 3679 727 3730 156
763 3708 836 3717 -—-
871 3678 1005 3732 inter
1031 3696 1176 3749 quae
1214 3695 1330 3730 cum
1368 3677 1672 3732 educatione
1708 3673 1933 3745 prolium
1971 3672 2103 3725 cath.
2146 3671 2264 3737 147,
2301 3670 2465 3723 mixta

60 3780 161 3815 sec.
200 3781 379 3817 sexum
410 3766 463 3817 9.
538 3764 587 3837 c)
626 3785 740 3818 cum
777 3763 909 3836 disp.
946 3765 1002 3819 in
1043 3767 1096 3819 1⁰
1130 3763 1299 3837 gradu
1326 3764 1422 3818 aff.
1449 3783 1515 3819 ex
1542 3761 1723 3835 copula
1743 3759 1884 3812 licita
1908 3759 1993 3826 31,
2033 3777 2098 3812 ex
2121 3776 2233 3830 cop.
2252 3757 2372 3810 illic.
2400 3760 2461 3825 23

60 3849 116 3901 in
155 3849 210 3901 10
245 3855 296 3902 et
328 3852 390 3903 2⁰-
421 3869 473 3924 g.
511 3852 595 3907 aff.
635 3871 702 3908 ex
740 3871 850 3927 cop.
887 3852 969 3907 lic.
1007 3855 1069 3922 9,
1120 3855 1179 3908 20
1213 3870 1265 3925 g.
1302 3851 1387 3907 aff.
1426 3870 1494 3906 ex
1530 3869 1642 3925 cop.
1677 3847 1762 3901 lic.
1803 3849 1900 3915 12,
1938 3848 1997 3899 20
2032 3864 2083 3918 g.
2126 3863 2370 3918 consang.
2411 3847 2461 3917 8,
