2670 4126
2401 149 2455 196 33

44 291 140 358 '19,
178 287 339 360 opific.
378 285 427 354 2,
467 286 668 359 repetit.
711 287 828 340 718.
882 285 1076 340 Schol.
1109 285 1218 356 jud.
1254 287 1302 353 6,
1343 286 1508 338 acath.
1544 288 1594 338 2.
1670 284 1879 338 Catech.
1909 285 2030 350 265,
2070 283 2304 354 magistri
2335 285 2456 351 687,

57 374 271 445 coadjut.
309 374 431 441 479,
470 375 746 445 magistrae
770 376 856 428 26.
929 372 1089 426 Pueri
1113 373 1177 425 ad
1205 373 1456 443 frequent.
1488 371 1727 442 obligati:
1768 371 1897 424 cath.
1926 370 2135 436 67.786,
2176 372 2340 422 acath.
2369 372 2453 438 78,

48 461 157 538 jud.
185 462 317 528 907,
345 462 557 532 puellae
583 461 715 513 cath.
743 460 934 527 65700,
974 461 1137 512 acath.
1167 463 1250 527 62,
1285 459 1394 530 jud.
1423 461 1560 526 836,
1599 458 1631 511 1.
1662 479 1701 511 3.
1731 461 1846 525 135,
1853 460 1971 511 369.
2034 458 2107 510 Fr
2078 470 2458 531 retequentante

0 592 3 601 ,
1 548 87 654 ἐμμὶ.
123 566 162 600 3.
205 548 322 615 127,
327 548 432 600 734
471 556 523 601 61
561 547 795 619 quidem‘
841 547 993 619 pueri
1032 547 1165 599 cath.
1207 549 1289 600 65.
1294 548 1427 615 072,
1479 546 1643 600 acath.
1686 547 1780 613 73,
1826 546 1936 616 jud.
1978 546 2108 612 7473
2149 578 2219 584 —-
2258 545 2459 616 puellae

0 666 33 706 9
1 615 183 688 Rath.
224 637 307 687 61.
318 637 446 703 103,
485 634 647 687 acath.
685 636 778 701 59,
822 634 932 704 jud.
972 636 1092 687 680.
1170 633 1342 688 Schol.
1381 602 1548 706 repet.
1587 586 1918 703 flequeiitare
1957 633 2212 685 debebant
2249 634 2332 684 56.
2338 634 2459 698 664,

0 702 18 765 ἔ
51 722 449 793 frequentabant
484 739 604 774 vero
642 722 728 775 48.
733 674 836 773 7’45
879 721 1266 794 (0311123136
1307 730 1359 773 et
1396 724 1480 775 22
1485 722 1589 773 345
1628 753 1693 758 -
1737 720 1900 772 acath
1940 723 2010 773 20
2050 728 2099 772 et
2140 722 2205 774 12
2248 753 2313 760 -
2348 720 2462 790 jud

57 811 155 864 121
198 817 250 862 61
290 811 429 880 111).

198 896 292 952 1Χ.
365 895 763 949 Administratio
813 895 1127 950 dioecesana.
1203 915 1258 948 a.v
1309 895 1672 949 Gon-§istoriam
1722 895 1879 946 habet
1928 894 2130 960 Praes,
2189 896 2222 946 8
2273 894 2462 947 Α33633.

59 984 131 1055 (61
181 1001 354 1037 01111163
404 983 572 1035 Vicar.
623 983 808 1054 foran.)
866 983 1118 1047 11161ααῖ63,
1175 985 1211 1035 4
1262 982 1543 1039 OfficialeS.
1630 982 1675 1034 Ε
1737 982 1898 1034 fundo
1953 981 2223 1051 religionis
2278 980 2466 1033 dantur

57 1073 196 1125 2205
233 1070 282 1123 fl.
321 1089 386 1123 m.
424 1089 467 1122 a.
542 1070 591 1123 b.
637 1069 892 1124 Tribunal
928 1071 1311 1124 matrimoniale
1350 1089 1466 1122 cum
1503 1069 1681 1122 Praes.
1700 1071 1788 1131 ,6
1830 1067 2026 1123 Consil.
2068 1077 2119 1153 et
2157 1067 2463 1122 Secretario.

59 1158 123 1212 A.
164 1159 301 1241 1862
341 1165 586 1210 tractatae
619 1165 740 1210 sunt
775 1159 845 1212 42
884 1177 988 1229 sep.
1042 1177 1072 1209 a
1121 1158 1270 1212 thoro
1321 1165 1372 1212 et
1420 1176 1596 1210 mensa
1647 1158 1702 1229 (9
1744 1157 2067 1227 concessae),
2111 1157 2177 1208 18
2228 1156 2465 1227 sponsal„

55 1243 304 1298 nullitatis
343 1263 496 1297 causa
535 1244 693 1298 nulla.
770 1263 810 1297 6.
849 1244 1116 1300 Judioium
1157 1245 1514 1298 dioecesanum
1554 1263 1669 1297 cum
1711 1245 1885 1297 Praes
1927 1251 1978 1297 61
2017 1245 2050 1296 8
2094 1242 2288 1295 Consil.

199 1331 266 1384 Χ.
342 1330 579 1405 Synodus
616 1331 915 1386 dioecesana
954 1331 1164 1405 (prima)
1206 1332 1382 1385 habita
1418 1340 1496 1385 631
1532 1351 1562 1383 a
1602 1333 1757 1384 1863.
2059 1333 2066 1339 “

200 1418 296 1471 ΧΙ.
370 1418 582 1494 Linqua
618 1418 672 1471 in
713 1421 816 1472 106
849 1418 1014 1473 benef.
1054 1427 1133 1473 est
1170 1439 1311 1474 mere
1349 1439 1543 1491 germ,
1593 1419 1646 1471 in
1704 1421 1774 1473 20
1797 1419 1985 1492 potiss.
2025 1437 2219 1490 germ,
2271 1418 2323 1470 in
2363 1419 2467 1472 277

59 1523 199 1560 mere
234 1506 466 1573 bohem.,
505 1505 558 1559 in
600 1507 669 1560 27
707 1506 882 1580 potiss
919 1507 1199 1561 bohemica.

291 1991 381 2058 ΙΙ.
488 1991 852 2082 Provincia
903 1990 1368 2059 Moraviae
1427 2014 1555 2060 seu
1609 1990 2253 2062 olomucensis·

1166 2200 1212 2264 ἓ.
1288 2198 1374 2250 23.

955 2316 1218 2374 Notitiae
1272 2318 1580 2387 ceum-ales,

212 2489 256 2522 a.
310 2468 556 2522 Continet
606 2469 680 2540 (in
737 2469 974 2541 Austria)
1029 2471 1476 2544 Markgraviatum
1527 2473 1794 2527 Moraviae
1847 2492 1964 2526 cum
2017 2475 2196 2531 403.77
2249 2476 2355 2529 mil.
2410 2487 2483 2546 [],

310 2564 513 2629 partem
550 2555 764 2611 Silesiae
803 2558 1102 2627 austriacae,
1141 2569 1339 2632 partem
1380 2561 1595 2621 Silesiae
1633 2561 1942 2614 borussicae.

214 2645 261 2697 b.
311 2643 522 2697 Incolae
577 2644 697 2716 (366.
750 2645 1010 2716 catalogos
1050 2647 1255 2719 666163.)
1314 2647 1367 2699 111
1427 2648 1679 2701 Austria:
1739 2649 1870 2700 cath.
1923 2649 2252 2717 2.137.512.,
2314 2652 2481 2709 acath.

314 2732 533 2798 60.427;
565 2731 676 2802 jud.
717 2732 926 2786 52357.

423 2819 631 2873 Olerus:
668 2838 706 2872 S.
746 2839 784 2872 3.
825 2820 996 2888 1.697,
1034 2840 1075 2872 r.
1114 2823 1234 2888 205,
1275 2823 1306 2874 1.
1346 2841 1386 2873 s.
1428 2823 1583 2876 1902.

413 2905 727 2978 Requlares:
764 2926 831 2959 m.
872 2908 995 2976 329,
1034 2908 1067 2960 f.
1108 2910 1230 2976 291,
1270 2909 1301 2961 i.
1343 2911 1462 2963 620.

215 3013 256 3046 6.
310 2993 554 3047 Instituta
594 3014 745 3065 prov.
799 2994 1024 3066 (Austr.)
1083 2998 1407 3049 communia:
1465 2995 1679 3048 Fundus
1714 2996 1805 3049 rel.
1847 3015 1961 3048 cum
2001 2997 2109 3050 red.
2153 2999 2381 3052 606.538
2420 3002 2485 3068 fl.,

315 3099 380 3132 ex
418 3081 601 3152 quibus
641 3090 918 3154 supersunt
967 3082 1021 3134 in
1059 3083 1313 3136 aerarium
1364 3082 1601 3135 tradendi
1655 3084 1865 3151 35,085.
1940 3084 2154 3137 Fundus
2202 3086 2486 3140 studiorum

318 3185 434 3219 cum
469 3167 578 3221 red.
619 3170 849 3222 126020
886 3169 967 3236 fl.,
1020 3169 1269 3223 deficiunt
1306 3171 1504 3224 44884
1541 3171 1591 3223 fl.
1633 3190 1700 3224 ex
1740 3172 1937 3224 aerario
1977 3172 2225 3225 solvendi.

418 3251 464 3304 E
500 3254 659 3307 fundo
696 3256 846 3327 relig.
887 3256 1160 3311 solvuntur
1196 3277 1290 3329 pro
1330 3257 1568 3335 congruis
1609 3259 1951 3330 parochorum
1993 3259 2308 3331 supplendis,
2349 3261 2483 3313 loca-

417 3339 564 3408 listis,
605 3343 1024 3415 cooperatoribus
1138 3385 2122 3400 ............
2199 3349 2392 3401 86.608
2430 3349 2480 3401 fl.

418 3445 512 3498 pro
550 3428 741 3482 sacerd.
778 3432 1017 3500 emeritis,
1058 3431 1311 3484 deficient.
1352 3439 1443 3484 661.
1497 3472 1508 3483 .
1587 3472 1598 3483 .
1674 3463 1713 3485 .«
1763 3473 2125 3485 .....
2201 3434 2393 3486 31.796
2431 3435 2480 3489 fl.

419 3533 514 3587 pro
554 3514 794 3568 aedificiis
830 3519 1131 3590 reparandis
1171 3525 1251 3570 661
1254 3559 2126 3573 ...........
2204 3522 2398 3574 65000
2433 3523 2485 3575 fl.

417 3619 511 3672 pro
550 3601 959 3657 mendicantibus
1053 3644 2124 3658 .............
2203 3607 2386 3660 17.691
2429 3609 2481 3674 fi,

419 3706 531 3759 pro.
571 3696 786 3742 monast.
822 3691 1123 3744 monialium
1228 3730 2124 3757 ...........
2202 3695 2391 3746 13.105
2429 3696 2479 3747 fl.

225 3771 418 3827 Domus
454 3775 810 3830 demeritorum
860 3777 1177 3851 (Wischau),
1227 3772 1334 3850 pro
1365 3796 1468 3848 qua
1505 3796 1533 3830 6
1569 3777 1727 3830 fundo
1777 3778 1869 3830 rel.
1911 3778 2098 3831 dantur
2137 3781 2307 3832 6550.
2381 3782 2478 3835 Re-

83 3857 225 3931 liqua
259 3858 313 3912 in
349 3861 535 3916 tabulis
572 3867 616 3933 §.
657 3863 740 3916 13.
778 3881 892 3935 sqq.

2108 3985 2134 4026 3
