2670 4126
2459 119 2484 160 5

68 261 438 338 praescribere.
513 253 708 308 Norma
746 272 872 308 vero
909 251 964 304 in
1003 255 1261 303 conventu
1301 248 1662 320 episcoporum
1702 267 1745 301 a.
1790 248 1934 300 1856
1974 246 2133 319 (Acta
2171 247 2324 318 hujus
2366 268 2483 302 con-

67 359 248 405 ventus
285 366 422 400 num.
460 342 711 414 IV—X.)
750 342 887 394 inter
920 337 1186 410 episcopos
1226 335 1534 401 concordata
1573 336 1638 388 ad
1676 336 1891 388 verbum
1930 335 2141 388 statuit:
2199 335 2253 407 1)
2293 344 2348 387 ut
2387 355 2483 409 pro

66 437 247 510 regula
309 434 377 501 „ii
416 432 480 484 ad
531 430 702 483 studia
751 426 910 481 theol.
960 423 1284 478 solummodo
1334 422 1686 488 admittantur,
1740 423 1827 493 qui
1878 423 2092 476 inferius
2144 423 2485 494 superiusque

65 522 395 598 gymnasium
447 516 723 572 sufficienti
762 533 876 566 cum
927 531 1167 565 successu
1219 509 1547 562 absolverint.
1643 510 1799 562 Hanc
1836 520 2008 564 tamen
2047 530 2281 564 normam
2321 512 2485 564 conci·

63 612 190 667 lium
227 607 546 683 provinciale
583 605 647 657 ad
686 611 886 672 tempus
925 599 1110 652 saltem
1149 596 1469 669 temperabit,
1510 597 1600 649 ubi
1638 604 1782 649 tanta
1809 598 1875 650 sit
1900 599 2229 652 sacerdotum
2254 599 2482 670 penuria,

6 686 24 754 5?
61 708 121 754 ut
153 717 248 752 nec
286 697 352 749 ad
388 691 740 768 parochialem
779 688 1065 742 animarum
1107 705 1282 738 curam
1321 684 1577 755 agendam
1617 684 1770 755 plane
1808 684 2110 738 sufficiant.“
2190 688 2246 758 2)
2276 687 2483 752 „Theo-

44 787 195 858 >logia
239 792 457 857 quatuor
493 797 745 833 annorum
780 776 999 828 decursu
1034 793 1063 825 a
1098 791 1189 825 sex
1227 780 1315 825 aut
1357 779 1578 843 quatuor
1614 772 1797 824 saltem
1828 773 2204 843 professoribus
2233 774 2484 828 tradenda

60 879 182 930 est.“
262 873 318 945 3)
358 870 455 938 „In
495 866 689 920 cunctis
728 862 975 917 institutis
1015 855 1171 914 theol.
1209 859 1444 912 tradatur
1483 867 1710 931 aportet:
1750 860 1912 912 theol.
1959 860 2251 931 dogmatica
2288 870 2340 916 et
2377 880 2483 914 mo-

58 963 183 1017 ralis
238 957 644 1034 pastoralisque,
702 949 992 1022 eloquentia
1047 967 1220 1014 sacra,
1279 947 1495 1000 historia
1553 947 1762 1014 eccles,
1811 948 1899 1018 jus
1958 949 2278 1017 canonicum,
2337 969 2484 1003 sacra

59 1051 312 1122 scriptura
360 1053 466 1098 tam
516 1041 702 1096 vetoris
757 1058 912 1111 quam
961 1037 1086 1090 novi
1123 1036 1430 1102 testamenti,
1488 1055 1587 1090 nec
1625 1055 1726 1090 non
1766 1036 1948 1107 lingua
1998 1038 2253 1107 hebraica,
2311 1058 2341 1091 a
2380 1059 2483 1110 qua

57 1147 231 1191 tamen
268 1130 579 1187 addiscenda
615 1128 903 1201 Episcopus
943 1126 1243 1198 dispensare
1279 1123 1473 1196 poterit
1512 1124 1762 1192 alumnos,
1813 1124 1868 1177 in
1907 1134 2160 1196 quantum
2198 1126 2254 1179 id
2293 1128 2482 1181 condu-

57 1243 171 1280 cere
206 1199 512 1278 censuerit.“
590 1217 648 1287 4)
682 1216 777 1283 „In
819 1222 1068 1286 quantum
1108 1231 1203 1286 pro
1242 1231 1416 1266 rerum
1456 1212 1713 1283 adjunctis
1751 1212 1862 1266 fieri
1887 1214 2068 1286 possit,
2108 1215 2482 1287 praelectiones

56 1311 303 1366 accedant
358 1306 799 1363 extraordinariae
858 1304 921 1356 de
977 1300 1271 1375 patrologia
1307 1299 1632 1371 pracsertim,
1693 1299 1783 1353 sed
1837 1310 1889 1354 et
1929 1302 1994 1355 de
2045 1302 2175 1370 aliis,
2234 1322 2366 1374 quae
2416 1304 2482 1357 ad

54 1399 316 1454 Ecclesiae
366 1397 625 1450 ministros
678 1393 898 1467 amplius
951 1388 1256 1445 erudiendos
1309 1387 1648 1441 inserviunt.“
1748 1390 1801 1461 5)
1841 1388 2048 1461 Lingua
2084 1390 2246 1444 latina
2284 1392 2484 1445 ordina·

53 1487 190 1540 rium
227 1486 328 1542 erit
363 1484 774 1559 praelectionum
811 1479 1038 1550 theolog.
1077 1477 1306 1532 idioma:
1365 1475 1602 1547 exceptio
1640 1495 1745 1529 non
1785 1476 1885 1529 nisi
1924 1478 1977 1530 in
2016 1479 2233 1550 singulis
2274 1480 2480 1552 quibus-

56 1573 171 1627 dam
211 1573 493 1647 disciplinis
531 1579 583 1625 et
619 1569 769 1642 gravi
807 1587 874 1622 ex
914 1586 1068 1620 causa
1106 1564 1307 1619 admitti
1344 1564 1580 1637 poterit.“
1675 1563 1891 1618 Litteris
1932 1565 2012 1618 die
2055 1569 2135 1620 16.
2174 1567 2297 1622 Jun.
2341 1570 2480 1622 1856

54 1664 121 1717 ad
158 1661 504 1716 Ministerium
557 1678 597 1712 c.
637 1678 679 1711 r.
738 1655 905 1710 cultus
963 1662 1014 1708 et
1070 1652 1426 1708 instructionis
1484 1653 1617 1706 datis
1675 1651 1918 1726 Episcopi
1976 1655 2266 1708 studiorum
2322 1656 2480 1710 theol.

53 1770 286 1806 normam
336 1754 719 1823 proposuerunt
767 1745 847 1798 his
898 1742 1165 1816 principiis
1215 1741 1497 1795 fundatam.
1589 1741 1736 1794 Haec
1790 1761 1973 1794 norma
2031 1743 2270 1798 Ordinat.
2327 1745 2480 1815 hujus

53 1838 320 1893 ministerii
360 1838 464 1894 dat.
504 1839 588 1891 29.
627 1835 781 1888 Mart.
825 1833 966 1886 1858
995 1828 1595 1904 (Reichs-Gesetz-Blatt
1620 1827 1781 1882 Num.
1807 1830 1913 1901 50.)
1939 1830 1989 1881 vi
2017 1831 2169 1883 resol.
2210 1851 2481 1904 supremae

54 1927 153 1982 diei
190 1929 237 1981 8.
277 1925 428 1979 Mart.
472 1925 611 1978 1858
648 1921 910 1995 publicata
948 1927 1040 1988 est,
1093 1926 1149 1971 ut
1188 1926 1282 1970 art.
1324 1915 1421 1969 VI.
1462 1924 1512 1969 et
1551 1915 1739 1969 XVII.
1782 1916 2096 1971 Concordati
2135 1919 2200 1971 ad
2239 1919 2479 1973 effectum

52 2015 436 2089 perduceretur.
510 2010 813 2067 Secundum
863 2009 1000 2060 hanc
1050 2007 1221 2078 legem
1256 2005 1306 2073 ii,
1359 2005 1545 2076 quibus
1583 2004 1917 2076 professionis
1955 2005 2112 2060 theol.
2152 2026 2338 2060 munus
2377 2016 2478 2060 tra-

53 2103 279 2156 dendum
316 2109 407 2169 est,
465 2118 684 2153 examen
733 2099 788 2150 in
825 2095 1030 2168 scriptis
1070 2112 1316 2167 superare
1355 2092 1546 2146 debent
1595 2101 1645 2144 et
1681 2091 2085 2164 praelectionem
2125 2095 2476 2167 probatoriam

52 2199 239 2258 tenere,
278 2189 509 2262 exceptis
547 2188 675 2241 viris
707 2187 816 2257 jam
857 2183 1111 2257 operibus,
1137 2179 1379 2233 literariis
1428 2179 1512 2231 vel
1549 2179 1853 2249 magisterio
1893 2180 2014 2232 satis
2052 2183 2293 2252 probatiS.
2369 2182 2476 2237 Pro

52 2276 296 2331 cathedra
345 2282 563 2328 vacante
613 2273 901 2346 Episcopus
955 2288 1263 2323 concursum
1320 2285 1413 2340 per
1451 2266 1729 2319 dioecesim
1781 2266 1991 2334 indicat,
2041 2287 2135 2340 per
2186 2271 2476 2342 complures

51 2384 172 2418 vero
213 2364 482 2430 dioeceseS,
522 2363 566 2415 si
604 2362 895 2414 institutum
933 2357 1167 2430 pluribus
1207 2363 1286 2413 est
1326 2373 1617 2409 commune.
1713 2353 1819 2408 Ubi
1859 2355 2051 2407 fundus
2090 2356 2240 2428 relig.
2281 2377 2474 2412 merce-

53 2451 169 2505 dem
207 2451 311 2522 dat,
351 2450 549 2517 vacatio
589 2446 859 2504 Gubernio
898 2454 977 2500 est
1026 2445 1321 2512 indicenda,
1380 2443 1669 2515 Episcopus
1726 2442 1813 2495 dat
1854 2445 2178 2515 quaestiones
2216 2447 2476 2500 resolven-

52 2537 142 2592 das
198 2546 251 2593 et
306 2546 466 2604 curat,
521 2544 579 2590 ut
635 2535 936 2589 candidatus
995 2533 1190 2606 optime
1245 2532 1563 2604 inspiciatur.
1676 2530 1759 2584 De
1814 2533 2134 2586 resolutione
2192 2541 2243 2587 et
2298 2543 2474 2588 votum

50 2624 401 2696 professorum
438 2623 676 2688 instituti,
727 2616 791 2676 de
829 2639 931 2694 quo
969 2620 1157 2691 agitur,
1198 2626 1250 2672 et
1287 2618 1499 2671 alterius
1538 2617 1797 2687 requiret.
1888 2618 2174 2674 Praelectio
2214 2622 2474 2675 censenda

49 2719 126 2765 est
151 2730 246 2785 per
285 2710 713 2765 Commissarium
751 2707 1100 2783 episcopalem
1127 2715 1179 2760 et
1218 2706 1556 2779 professores
1633 2704 1731 2760 Sin
1771 2705 2050 2778 dubitatur,
2090 2727 2156 2759 an
2195 2727 2473 2763 concursus

49 2799 304 2873 expediat,
355 2798 647 2871 Episcopus
710 2796 1101 2870 „supplentem“
1159 2793 1406 2861 nominat,
1450 2811 1623 2864 quem,
1676 2793 1719 2844 si
1758 2812 1851 2864 per
1889 2813 2082 2847 annum
2121 2796 2231 2868 spei
2268 2797 2322 2849 in
2359 2797 2472 2869 ipso

50 2886 247 2958 positae
296 2886 615 2954 satisfecerit,
667 2887 734 2939 ad
784 2904 1016 2952 examen,
1077 2884 1217 2955 quod
1267 2883 1589 2957 descriptum
1643 2888 1735 2948 est,
1788 2881 2064 2934 admittere
2118 2891 2300 2955 potest.
2386 2883 2471 2936 Ex

50 2974 473 3028 concurrentibus
510 2970 796 3048 Episcopus
836 2992 989 3044 quem
1027 2972 1199 3044 elegit,
1257 2972 1320 3039 ei,
1358 2979 1635 3044 postquam
1680 2969 2222 3037 „Locumtenentem“-
2257 2971 2473 3024 interro-

51 3058 210 3129 gavit,
248 3079 372 3113 num
407 3080 632 3135 persona
668 3069 820 3132 grata
858 3061 924 3114 sit
963 3061 1133 3128 „circa
1170 3081 1250 3114 res
1289 3061 1577 3133 politicas“,
1618 3079 1805 3113 munus
1846 3061 2061 3114 confert.

197 3146 385 3211 Quoad
409 3150 695 3220 facultates
720 3149 1020 3221 theoloyicas
1046 3157 1135 3201 aut
1160 3149 1453 3221 Episcopus
1489 3149 1657 3200 virum
1687 3148 1975 3201 Ministerio
2003 3147 2256 3219 designat,
2295 3145 2469 3198 audito

30 3235 398 3308 >‚professorum
457 3236 666 3309 collegii
702 3245 842 3304 voto,
897 3245 985 3290 aut
1020 3257 1051 3289 a
1101 3236 1388 3290 Ministerio
1440 3255 1720 3291 concursus
1770 3235 2028 3288 indicitur.
2124 3233 2467 3300 Quaestiones

50 3322 321 3396 episcopus
358 3322 642 3376 ministerio
678 3324 996 3392 transmittit,
1037 3324 1118 3377 cui
1149 3325 1236 3395 jus
1275 3333 1353 3378 est
1391 3324 1705 3397 designandi
1755 3323 1896 3376 aliud
1937 3341 2141 3395 quoque
2177 3322 2467 3375 institutum

50 3409 194 3463 theol
226 3450 238 3478 ,
294 3410 385 3463 ubi
424 3427 644 3463 examen
693 3411 759 3464 sit
796 3411 1108 3480 faciendum,
1161 3430 1316 3482 quam
1368 3411 1519 3480 illud,
1578 3411 1723 3482 cujus
1761 3410 1817 3463 in
1856 3430 2111 3464 concursu
2148 3411 2348 3464 mentio
2390 3419 2468 3464 est

49 3495 197 3550 facta.
289 3497 579 3551 Praelectio
635 3499 932 3571 probatoria
987 3507 1261 3572 praesente
1300 3499 1669 3555 Commissario
1730 3499 2007 3571 episcopali
2063 3498 2237 3577 locum
2294 3498 2464 3551 habet.

11 3625 27 3633 „
50 3581 386 3648 Quaestiones
424 3586 487 3639 ab
526 3586 627 3638 alia
664 3585 904 3639 facultate
942 3595 1305 3655 recensentur3
1347 3607 1449 3659 quo
1492 3588 1630 3641 facto
1669 3586 2025 3640 Ministerium
2063 3603 2180 3637 cum
2204 3584 2464 3657 Episcopo

53 3671 264 3724 consilia
302 3674 513 3727 confert.
588 3673 873 3745 Episcopus
908 3675 1084 3748 quovis
1121 3686 1366 3729 momento
1404 3677 1693 3729 missionem
1730 3673 1946 3727 docendi
1984 3672 2285 3743 theoloyiam
2297 3684 2465 3742 potest

51 3776 301 3811 revocare.
1377 3830 1393 3836 ,

211 3845 275 3897 4.,
300 3844 620 3919 Theologiae
657 3846 890 3915 studiosi,
927 3848 1104 3921 paucis
1143 3848 1390 3921 exceptiS,
1443 3849 1532 3921 qui
1569 3846 1839 3916 „externi“
1879 3845 2133 3914 dicuntur,
2181 3845 2235 3899 in
2272 3846 2464 3902 Semi-
