2670 4126
174 136 200 177 6

2634 0 2670 241 l

176 268 379 321 nario
438 267 876 320 Clericorum.
934 263 1158 335 degunt,
1216 266 1359 336 cujus
1417 265 1713 320 Directores
1764 264 2056 343 Episcopus
2114 269 2277 325 libere
2331 271 2576 340 nominat,
2665 270 2670 323 i

171 344 811 428 praeterquam'personas
868 353 1038 419 „circa
1074 372 1156 407 res
1194 354 1422 425 politicas
1460 355 1628 408 minus
1668 361 1892 427 grataS.“
1983 355 2271 414 Seminaria
2319 367 2409 412 aut
2443 360 2581 414 bona
2663 393 2670 416 ,ι

172 443 385 517 propria
423 443 618 496 habent
656 450 744 495 aut
783 461 811 495 e
849 443 1009 496 fundo
1045 443 1195 515 relig.
1234 451 1602 498 sustentantur.

1293 607 1339 672 ξ.
1413 605 1463 657 4.

1273 725 1484 782 Charus,

314 882 385 934 II.
447 880 713 933 Titulus
761 881 1235 935 ordinationis
1274 888 1326 934 et
1381 900 1546 934 cura
1595 885 2041 946 emeritorum,
2080 882 2299 954 defici
2316 887 2580 942 entium.
2668 907 2670 910 ·

312 969 502 1024 Clerici
538 969 825 1022 saeculares
874 969 984 1022 fere
1037 987 1213 1023 omnes
1258 968 1562 1021 ordinantur
1604 969 1671 1022 ad
1715 970 1936 1038 titulum,
1996 972 2085 1044 qui
2122 982 2339 1027 vocatur
2381 979 2584 1029 mensae
2660 1031 2661 1034 ,

158 1057 329 1130 fundi
375 1057 667 1129 reliyioni35
716 1056 892 1108 titulus
931 1057 1226 1129 patrimonii
1264 1057 1346 1110 vel
1383 1057 1644 1129 pensionis
1682 1058 1940 1112 rarissime
1978 1061 2218 1114 occurrit.
2292 1061 2582 1134 Regulares
2662 1127 2670 1151 1

170 1146 234 1198 ad
273 1145 464 1211 titulos,
505 1163 632 1215 quos
665 1145 751 1214 jus
791 1144 1094 1197 canonicum
1133 1163 1231 1217 pro
1271 1144 1595 1214 regularibus
1634 1145 1806 1213 habet,
1861 1146 2184 1203 ordinantur.

2574 457 2579 462 ·
2653 428 2670 500 t

2660 501 2670 569 ³?

2662 720 2670 797 ³

2660 798 2670 972 ἒ

311 1231 643 1294 SacerdoteS‚
704 1231 888 1302 quibus
940 1251 1062 1284 cura
1111 1232 1398 1284 animarum
1450 1232 1710 1286 ordinaria
1758 1235 1987 1287 nondum
2038 1235 2310 1288 commissa
2357 1235 2471 1304 fuit,
2530 1245 2584 1291 et
2667 1226 2670 1230 ⁴

170 1320 426 1395 capellani
464 1319 671 1386 localeS,
724 1319 765 1371 si
806 1319 871 1372 ad
911 1338 1084 1372 curam
1125 1323 1412 1374 animarum
1450 1321 1733 1390 gerendam
1772 1320 2029 1375 inhabiles
2066 1322 2370 1390 redduntur,
2425 1323 2582 1393 „defi-

168 1409 444 1463 cientium“
482 1406 788 1479 pensionem
833 1425 1121 1460 annuorum
1173 1409 1280 1461 210
1317 1408 1368 1459 Η.
1421 1426 1555 1460 mon.
1610 1417 1766 1462 austr.
1821 1428 1849 1462 e
1898 1408 2059 1463 fundo
2108 1409 2256 1481 relig.
2295 1410 2580 1483 accipiunt3
2667 1434 2670 1474 j

170 1497 387 1570 parochi
427 1494 723 1548 deficientes
763 1514 885 1547 vero
926 1494 1190 1567 accipiunt
1227 1496 1334 1548 315
1373 1495 1453 1562 fl.3
1495 1496 1682 1567 quodsi
1721 1515 1902 1551 causae
1938 1516 2126 1570 graves
2165 1497 2349 1567 adsint,
2390 1499 2493 1552 105
2531 1497 2581 1552 fl.
2662 1511 2670 1562 ζ

169 1584 441 1638 adduntur.
518 1581 626 1636 Ubi
665 1582 901 1635 beneficii
937 1582 1133 1637 reditus
1160 1583 1432 1656 permittit,
1472 1584 1731 1655 parochus
1767 1593 2027 1639 reservata
2050 1586 2305 1658 pensione
2331 1606 2361 1640 a
2385 1603 2583 1640 succes-

169 1691 284 1726 sore
322 1670 566 1724 solvenda
606 1670 853 1740 resignat.

314 1757 619 1813 Sacerdotes
670 1758 905 1810 demeriti
955 1766 1043 1810 aut
1082 1758 1134 1810 in
1184 1758 1335 1813 domo
1375 1757 1802 1829 corrigendorum
1855 1759 2016 1832 (apud
2054 1760 2287 1833 singulas
2325 1761 2582 1816 dioeceses

171 1846 452 1899 indicatum
492 1853 581 1910 est,
620 1845 662 1896 si
703 1864 803 1916 qua
843 1845 1055 1918 existat)
1097 1846 1306 1899 aluntur
1343 1855 1433 1899 aut
1470 1865 1498 1899 e
1530 1846 1689 1900 fundo
1728 1847 1914 1919 relig,
1971 1848 2069 1901 nisi
2106 1849 2324 1922 fortasse
2359 1848 2414 1901 in
2451 1868 2581 1922 opus
2666 1864 2670 1868 ·

171 1935 435 2006 publicum
476 1932 703 1985 damnati
754 1933 807 1984 in
861 1951 1063 1986 carcere
1100 1934 1314 2007 publico
1354 1934 1693 1988 detineantur.

313 2020 397 2073 Ex
452 2020 681 2087 „ratione
734 2027 1039 2091 quaestuum
1091 2029 1140 2073 et
1194 2021 1499 2075 necessitate
1548 2022 1940 2095 erogationum“
1979 2041 2078 2097 pro
2117 2041 2254 2077 anno
2295 2023 2435 2076 1863
2485 2041 2580 2077 suo

173 2127 407 2180 quaeque
443 2108 555 2161 loco
596 2126 823 2179 expensa
859 2108 1134 2161 notabitur.

1284 2274 1329 2338 ξ.
1406 2270 1454 2321 5.

1156 2392 1250 2447 De
1295 2388 1589 2465 beneficiis,

317 2546 364 2598 1.
426 2545 754 2616 Oonyrua.
830 2543 1076 2614 Congrua
1126 2545 1469 2616 parochorum
1504 2552 1740 2599 veterum
1791 2545 1845 2615 (i.
1897 2563 1939 2598 e.
1990 2545 2045 2597 in
2093 2545 2355 2619 parochiis
2384 2546 2494 2617 jam
2533 2566 2579 2601 a.

176 2634 314 2686 1782
355 2633 554 2703 erectis)
596 2640 671 2686 est
709 2634 813 2685 315
853 2632 901 2685 fl.
941 2651 1009 2684 m.
1050 2654 1122 2700 a.,
1178 2652 1434 2687 novorum
1485 2633 1539 2703 (i.
1578 2650 1620 2686 e.
1658 2640 1788 2704 post.
1825 2651 1870 2685 a.
1927 2633 2064 2686 1782
2103 2641 2400 2686 erectarum·
2426 2651 2580 2706 paro·

174 2721 425 2792 chiarum)
479 2729 557 2774 est
594 2722 701 2773 420
738 2720 789 2772 Η.
828 2739 894 2772 m.
934 2740 1005 2787 a.,
1056 2721 1407 2774 localistarum
1447 2721 1552 2774 315
1590 2720 1668 2788 fl.‚
1721 2720 2119 2794 capellanorum,
2159 2727 2578 2791 :cooperator-um,

176 2807 531 2878 coadjutorum
569 2809 676 2861 210
712 2807 761 2860 fl.
801 2826 867 2860 m.
905 2826 950 2859 a.
1023 2807 1088 2860 In
1127 2808 1415 2861 civitatibus
1454 2808 1756 2880 capitalibus
1794 2807 2012 2880 parochi
2049 2825 2332 2877 congruam
2367 2808 2477 2860 420
2513 2805 2579 2859 ad

176 2898 315 2950 1260
354 2894 401 2947 fl.
440 2895 642 2947 habeat.
727 2894 947 2948 Reditus
987 2903 1075 2948 aut
1112 2914 1176 2948 ex
1214 2896 1369 2967 agriS,
1428 2903 1517 2948 aut
1554 2915 1582 2949 e
1618 2894 1829 2947 summis
1878 2893 1973 2946 sub
2021 2893 2320 2965 hypotheca
2370 2891 2580 2948 elocatis

175 2990 263 3035 aut
301 3001 328 3035 e
366 2981 679 3053 syngraphis
718 2981 938 3054 publicis
975 2982 1303 3054 proveniunt.
1378 2982 1652 3036 Accedunt
1695 2981 2055 3053 eleemosynae
2092 2981 2363 3034 missa-rum
2399 2979 2580 3034 funda-

176 3078 344 3122 tarum
398 3068 608 3134 aliaeve,
661 3068 1033 3141 praestationes
1072 3069 1400 3140 pecuniariae
1450 3068 1536 3123 vel
1572 3068 1833 3121 naturales
1871 3087 1902 3120 a
1938 3067 2168 3140 patronis
2207 3068 2318 3121 sive
2355 3070 2580 3139 commu-

174 3156 419 3208 nitatibus
476 3155 695 3209 debitae.
790 3155 970 3226 Usque
1019 3156 1084 3209 ad
1143 3175 1333 3209 annum
1393 3157 1532 3210 1849
1580 3154 1796 3228 parochi
1846 3153 1901 3207 in
1938 3154 2202 3227 plerisque
2259 3153 2577 3208 dioecesibus

174 3244 396 3296 decimas
435 3243 562 3314 (non
602 3262 668 3296 ex
706 3242 957 3295 fructibus
996 3243 1313 3296 naturalibus
1353 3261 1595 3315 agrorum
1633 3240 1937 3309 metiendam,
1975 3241 2067 3294 sed
2094 3240 2393 3313 quantitatis
2417 3230 2577 3310 flXae)

170 3330 542 3402 percipiebant.
628 3329 970 3383 Redemtione
1010 3330 1320 3383 decimarum
1360 3351 1403 3384 a.
1440 3331 1576 3383 1849
1614 3330 1750 3382 facta
1785 3327 1980 3382 reditus
2018 3328 2393 3400 permultorum
2429 3338 2578 3398 paro-
2667 3352 2670 3356 ·

174 3418 385 3470 chorum
421 3417 572 3470 valde
609 3425 730 3470 sunt
779 3417 1031 3470 diminuti.
1093 3416 1321 3471 'Reditus
1360 3416 1684 3488 singularum
1721 3415 2080 3487 parochiarum
2107 3414 2330 3468 maxime
2351 3411 2488 3465 inter
2522 3430 2579 3465 se

173 3503 431 3560 differunt.
506 3503 650 3557 Dum
691 3504 886 3575 aliquot
911 3504 964 3556 in
991 3504 1209 3575 singulis
1250 3503 1568 3558 dioecesibus
1607 3512 1761 3574 supra
1793 3504 1946 3570 1000,
1986 3503 2139 3568 1500,
2170 3500 2329 3565 2000,
2357 3497 2500 3578 3000
2523 3497 2578 3554 fl.

171 3592 437 3662 recipiunt,
464 3590 609 3643 multi
635 3590 775 3643 haud
802 3590 1019 3643 multum
1046 3609 1201 3664 supra
1224 3609 1511 3662 congruam
1534 3590 1742 3644 habent.
1820 3590 1967 3656 Quae
2003 3586 2092 3641 ubi
2129 3584 2318 3650 deficit,
2355 3584 2410 3637 id
2438 3583 2578 3655 quod

176 3677 334 3743 deest,
373 3698 401 3731 e
426 3678 585 3732 fundo
611 3677 763 3748 relig.
792 3677 1076 3750 suppletur.
1115 3678 1256 3732 Loco
1284 3678 1594 3731 decimarum
1620 3676 1965 3731 redemtarum
1990 3671 2320 3744 syngraphae
2342 3670 2579 3743 publicae

177 3764 571 3835 („obligationes
597 3765 744 3819 fundi
775 3764 1100 3836 exonerati“)
1129 3773 1216 3818 aut
1240 3773 1468 3818 summae
1490 3771 1626 3819 sorte
1650 3764 1814 3818 victae
1847 3765 2028 3839 (quum
2055 3778 2084 3814 e
2110 3757 2424 3831 syngraphis
2473 3756 2578 3810 illis

183 3852 452 3921 quotannis
492 3861 634 3906 certa
659 3872 779 3925 pars
807 3851 930 3905 sorti
955 3851 1304 3923 submittatur)
1345 3851 1502 3925 capiti
1527 3858 1947 3905 annumerantur.
2020 3846 2088 3900 In
2113 3844 2350 3901 omnibus
2376 3843 2577 3898 dioece-
