2670 4126
2427 188 2512 233 137

7 359 25 402 ᾇ
253 328 348 381 IV.
428 327 501 382 Ol
514 348 679 381 erus.
754 348 799 382 a.
839 328 1051 382 Status:
1087 346 1186 380 sac.
1227 344 1356 380 saec.
1399 326 1501 379 123
1541 326 1618 397 (in
1654 324 1881 378 Hassia:
1921 321 2072 395 apud.
2114 320 2236 374 eccl.
2276 321 2408 374 cath.
2443 322 2513 374 10

9 411 15 416 ⁸
111 416 335 488 (praeter
371 415 565 487 Episc.)
606 416 757 489 apud.
809 416 988 470 semin.
1025 417 1075 481 2,
1131 414 1342 486 parochi
1381 415 1465 480 65,
1505 412 1689 486 capell.
1730 414 1814 479 30,
1854 410 2018 465 curati
2055 413 2104 476 2,
2142 408 2422 480 primissar.
2464 410 2512 475 1,

109 521 254 575 coop.
296 504 353 570 13
392 503 445 555 in
483 502 810 558 S.-Wimar.
847 522 954 574 par.
993 503 1043 568 8,
1082 519 1191 574 cap.
1229 503 1278 569 2,
1316 500 1594 573 primissar.
1637 500 1718 571 1),
1757 518 1858 554 sac.
1898 517 2006 569 reg.
2046 499 2131 564 21,
2171 496 2202 549 i.
2240 515 2278 548 s.
2320 496 2439 547 144.

252 590 301 642 b.
339 589 611 645 Institutio.
687 589 940 643 Seminar.
979 589 1139 642 cleric.
1191 607 1307 641 cum
1356 588 1591 641 instituto
1630 586 1785 641 theol.
1825 605 1941 639 cum
1982 587 2005 638 1
2052 604 2191 655 regu,
2246 584 2270 636 1
2304 582 2512 652 subreg.

108 685 159 731 et
196 677 374 748 praef„
413 679 448 729 4
486 677 618 749 prof.
658 678 713 746 (3
751 677 883 748 prof.
923 695 1054 748 resp.
1091 693 1201 746 reg.
1241 683 1362 729 sunt
1400 675 1748 748 capitulares),
1824 673 2068 727 Reditus:
2123 671 2281 725 ’7.000
2317 670 2368 723 fl.

252 807 319 860 V.
394 806 446 860 R
459 808 789 878 equlares.
878 808 944 859 A.
1000 805 1262 878 Reliqiosi.
1353 807 1581 860 Reform.
1639 807 1671 859 2
1729 823 1902 871 conv.,
1958 805 2023 858 21
2086 821 2213 869 sac.,
2275 802 2342 855 17
2397 799 2516 854 laici

106 895 654 1052 Pr⁰f·i3·¹·l{·ez?982{28ae.
728 981 773 1036 1.
810 980 1076 1034 Benedict.
1117 982 1140 1033 1
1187 999 1364 1048 conw,
1404 981 1466 1034 31
1510 980 1644 1052 prof.
1682 981 1719 1032 4
1756 997 1900 1045 nov.‚
1939 978 1970 1031 i.
2011 997 2049 1031 s.
2089 977 2175 1030 35.
2199 976 2338 1027 ——2
2362 975 2512 1045 Virg.

106 1068 316 1138 Anglic.
362 1070 387 1121 1
429 1068 593 1135 dom,
651 1070 715 1121 19
754 1069 886 1140 prof.
925 1070 958 1121 2
997 1087 1144 1121 nova
1201 1070 1287 1122 21.
1324 1101 1394 1109 --
1432 1067 1485 1121 3.
1523 1067 1699 1123 Ursul.
1742 1068 1766 1119 1
1813 1084 1985 1133 conw,
2039 1066 2107 1118 18
2144 1063 2273 1137 prof.
2312 1066 2345 1116 2
2384 1081 2515 1129 now,

104 1156 135 1209 i.
176 1176 213 1210 s,
253 1157 338 1210 20.
377 1157 446 1195 ’--
483 1157 535 1208 4.
575 1156 690 1211 Sor.
729 1155 784 1210 S.
824 1155 976 1209 Vino.
1015 1157 1048 1208 6
1085 1156 1232 1223 inst.,
1274 1157 1359 1210 30.
1436 1156 1688 1209 Summa.-
1765 1156 1884 1208 106.

705 1243 922 1297 Summa
961 1262 1300 1315 personarum
1353 1243 1712 1316 reyularium:
1791 1242 1909 1294 144.

250 1373 346 1430 VI.
429 1373 576 1429 Unus
611 1374 846 1428 sacerdos
883 1387 951 1428 est
988 1375 1063 1429 ad
1102 1374 1384 1430 Catholicos
1457 1375 1578 1428 903.

487 1503 514 1531 7,
591 1482 693 1515 sac.
731 1482 839 1516 οων.
901 1504 926 1532 „
1008 1505 1035 1532 7,
1218 1504 1244 1532 7,
1427 1463 1579 1515 1140.

407 1548 526 1603 Una
558 1569 692 1621 pers.
729 1569 832 1622 req.
899 1592 926 1620 7,
1008 1592 1035 1619 ,,
1216 1592 1244 1620 n
1459 1550 1581 1603 903.

251 1679 378 1733 VII.
452 1679 728 1753 Beneficia.
806 1682 852 1735 1.
896 1681 1061 1754 Capit.
1099 1680 1221 1734 eccl.
1262 1680 1394 1734 cath.
1435 1668 1550 1734 cum
1590 1681 1717 1736 Dec.
1759 1680 1961 1753 (praeb.
2006 1678 2166 1733 2.600
2202 1677 2294 1749 fl.)‚
2333 1676 2370 1727 4
2406 1690 2516 1725 can.

105 1767 302 1839 (praeb.
350 1768 503 1821 1.800
539 1768 642 1840 fl.)‚
699 1770 736 1821 4
772 1769 867 1823 vic.
907 1789 946 1822 S.
996 1768 1172 1841 praeb.
1225 1769 1277 1840 (a
1314 1770 1422 1822 800
1458 1769 1548 1841 fl.).
1623 1767 1844 1822 Fabrica
1893 1766 2047 1820 habet
2083 1764 2232 1819 redit.
2271 1762 2430 1818 2000
2466 1759 2517 1812 fl.

249 1857 297 1908 2.
336 1854 500 1909 Alia:
538 1859 594 1909 in
631 1855 832 1911 Hassia
868 1858 936 1910 65
973 1875 1084 1929 par.
1125 1858 1264 1928 (cum
1305 1858 1376 1909 64
1414 1857 1656 1910 filialibus
1694 1856 1866 1928 eccl),
1907 1858 1967 1909 31
2019 1854 2228 1927 capell.,
2268 1855 2300 1906 2
2340 1855 2517 1913 curat,

110 1943 135 1995 1
178 1942 490 2015 primissar.‚
529 1946 587 1996 in
635 1944 850 1998 Wimar.
895 1945 961 1997 10
996 1962 1107 2017 par.
1148 1947 1289 2018 (cum
1328 1945 1359 1997 7
1398 1945 1540 1998 filial.
1580 1944 1752 2012 eccl),
1810 1947 1842 1998 2
1883 1943 2090 2016 capell.‚
2149 1944 2173 1995 1
2218 1938 2517 2015 primissar.‚
2604 2011 2612 2016 .

103 2029 157 2081 in
195 2049 426 2084 summa:
481 2031 548 2084 75
586 2050 695 2103 par.
734 2033 802 2085 33
843 2051 952 2104 cap.
993 2035 1025 2086 2
1063 2031 1215 2104 prim.
1260 2037 1292 2087 2
1333 2053 1437 2086 cur.

246 2161 400 2214 VIII.
475 2162 702 2217 Scholae.
781 2165 827 2217 1.
865 2164 1165 2217 Institutum
1204 2164 1363 2218 theol.
1439 2137 1497 2218 2:
1529 2164 1730 2236 Gymn.
1767 2163 2032 2218 Fuldense
2083 2161 2363 2235 (mixtum).
2441 2159 2522 2212 De

105 2248 422 2320 reliquorum
461 2269 676 2313 numero
715 2251 847 2303 nihil
882 2260 1095 2324 prostat.

250 2351 533 2423 Episcopus
589 2371 706 2404 cum
763 2353 972 2424 capituli
1029 2353 1245 2407 consilio
1303 2354 1586 2407 secundum
1642 2354 1815 2426 legem
1873 2353 2075 2406 civilem
2116 2352 2217 2405 diei
2257 2353 2340 2405 31.
2380 2351 2522 2421 Aug.

111 2438 250 2491 1829
299 2439 561 2510 praesides
617 2447 668 2493 et
722 2441 1038 2511 professores
1093 2441 1357 2513 seminarii
1411 2441 1659 2509 nominat,
1719 2442 1774 2493 in
1827 2448 2021 2494 ceteras
2073 2440 2283 2493 scholas*
2327 2438 2522 2491 nullam

108 2524 259 2578 aliam
299 2534 504 2590 exercet
541 2527 661 2594 vim,
700 2527 797 2580 nisi
835 2536 1082 2600 quantum
1121 2538 1318 2601 spectat
1354 2529 1418 2582 ad
1456 2529 1720 2601 religionis
1759 2528 2058 2582 doctrinam.

254 2655 352 2709 IX.
426 2656 837 2713 Administratio.
917 2658 1293 2715 Ordinariatus
1341 2669 1544 2715 constat
1575 2679 1623 2714 ve
1673 2659 2036 2733 capitularibus
2089 2658 2239 2731 (Dec.
2278 2666 2356 2711 est
2392 2657 2525 2710 vica-

108 2742 217 2796 rius
254 2745 538 2817 generalis)
594 2754 646 2799 et
684 2767 926 2802 assessore
963 2748 1185 2820 capituli.

255 2873 324 2926 X.
400 2874 610 2929 Dotatio
650 2876 819 2930 totalis
857 2879 1172 2951 episcopatus
1220 2879 1283 2931 ab
1322 2878 1516 2932 aerario
1554 2877 1763 2949 publico
1813 2876 2092 2928 secundum
2133 2874 2328 2928 bullam
2371 2873 2526 2938 „Pro-

116 2959 268 3012 vida“
319 2960 374 3012 in
429 2956 574 3016 bonis
630 2962 976 3018 immobilibus
1035 2966 1314 3020 constituta
1363 2974 1440 3019 est
1487 2964 1687 3019 reditus
1736 2964 1935 3018 26.370
1983 2963 2033 3016 fl.
2093 2963 2223 3031 (170
2259 2961 2309 3014 fl.
2365 2959 2523 3012 annui

113 3045 511 3120 Metropolitano
548 3050 861 3123 solvuntur).

1213 3237 1260 3302 §-
1335 3234 1420 3288 84.

865 3375 930 3433 E.
999 3376 1291 3434 Dioecesis
1334 3377 1765 3449 Limburyensis.

264 3545 455 3602 Erecta
501 3548 642 3601 bulla
701 3548 963 3616 „Provida
1010 3553 1306 3624 solersque“
1360 3571 1388 3605 e
1423 3552 1654 3623 partibus
1706 3551 2034 3622 antiquarum
2075 3549 2383 3604 dioecesium
2421 3550 2522 3603 Ra-

120 3631 306 3690 tisbon.
363 3634 662 3707 (Mogunt.;
725 3638 794 3690 58
831 3640 1091 3711 paroch),
1132 3639 1454 3693 Trevirensis
1509 3641 1601 3711 (52
1658 3639 1822 3712 pan),
1877 3637 2071 3709 recepit
2119 3656 2214 3709 pro
2265 3636 2523 3691 territorio

127 3718 370 3774 ducatum
394 3721 447 3775 N
449 3723 789 3777 assoviensem
817 3732 867 3777 et
892 3725 1208 3779 territorium
1234 3727 1426 3780 liberae
1458 3726 1676 3780 civitatis
1703 3724 2159 3798 Francofurtensis
2185 3724 2250 3776 ad
2276 3723 2524 3777 Moenum

118 3813 171 3858 et
216 3808 487 3878 parochias
537 3811 607 3863 25
657 3809 722 3862 ad
772 3810 968 3864 nullam
1005 3813 1280 3868 dioecesim
1305 3852 1308 3853 γ
1329 3833 1394 3867 ex
1447 3832 1580 3866 anno
1642 3813 1782 3866 1648
1830 3811 2166 3884 pertinentes,
2221 3843 2287 3851 -
2327 3810 2525 3864 Habuit

119 3895 154 3947 2
192 3893 476 3967 episcopos,
549 3896 755 3950 Tertius
793 3905 910 3951 est:
