2670 4126
1190 1121 1233 1185 ἓ.
1309 1116 1392 1179 79.

477 1302 842 1369 Provincia
895 1300 1369 1369 ecclesiastica
1420 1296 1791 1383 superioris
1842 1294 2091 1361 Rheni.

234 1615 346 1667 Rex
407 1614 879 1685 VVurtembergiae,
938 1612 1119 1684 Magni
1170 1612 1325 1664 duces
1377 1609 1659 1676 BadensiS,
1716 1607 1962 1673 Hassiae,
2022 1603 2504 1676 Megalopolitanu5‚

91 1701 554 1773 OldenburgensiS‚
613 1701 828 1755 Elector
868 1700 1100 1767 Hassiae‚
1154 1699 1327 1752 Duces
1379 1698 1654 1763 Saxoniae,
1713 1696 1841 1748 Dux
1898 1693 2199 1756 Nassoviae,
2255 1690 2505 1761 Princeps

96 1788 503 1859 WaldeccensiS‚
544 1789 764 1843 Liberae
804 1789 1032 1842 civitates
1072 1787 1116 1839 F
1121 1789 1395 1841 rancofurt.
1437 1786 1656 1839 Lubccc.
1697 1794 1746 1837 et
1784 1783 2050 1836 BremenS.
2090 1801 2133 1836 a.
2165 1780 2305 1832 1817
2344 1777 2388 1829 F
2394 1796 2507 1829 ran·

93 1877 347 1930 cofurtum
386 1897 429 1929 a.
470 1877 542 1929 Μ.
582 1877 791 1931 nuntios
831 1877 1096 1942 miserunt,
1137 1876 1223 1948 qui
1265 1877 1327 1929 de
1368 1873 1667 1929 ordinandis
1709 1871 2078 1924 catholicorum
2117 1868 2172 1920 in
2210 1864 2509 1938 respectivis

93 1963 361 2018 territoriis
399 1965 737 2017 habitantium
790 1964 945 2017 rebus
987 1963 1344 2016 ecclesiasticis
1383 1963 1518 2014 inter
1569 1980 1622 2013 se
1660 1967 1958 2023 tractarent,
2008 1968 2066 2010 ut
2103 1957 2359 2011 conventio
2396 1973 2511 2006 cum

92 2051 206 2104 sede
242 2051 482 2106 Romana
518 2055 752 2109 iniretur.
849 2051 954 2117 Qui
1004 2052 1168 2104 nuntii
1227 2052 1469 2103 famosam
1509 2049 1649 2100 illam
1706 2047 2129 2118 „Praymaticam
2179 2043 2341 2096 eccles,
2380 2040 2510 2093 cath.

90 2143 287 2210 yerm.“
329 2149 380 2192 et
419 2139 812 2208 „Fundamenta
851 2141 1187 2194 conventionis
1225 2138 1286 2191 de
1311 2139 1459 2191 rebus
1485 2138 1598 2190 eccl.
1626 2136 1755 2190 cath.
1786 2138 1843 2188 in
1883 2136 2032 2187 terris
2070 2130 2295 2194 confoed.
2317 2131 2509 2201 yerm.“

91 2226 339 2292 fecerunt,
382 2245 514 2298 quae
554 2227 860 2280 documenta
887 2227 1015 2279 Pius
1053 2226 1111 2280 P.
1139 2226 1265 2279 Vll.
1294 2225 1483 2279 celebri
1510 2225 1599 2276 illa
1627 2231 1749 2277 nota
1775 2222 1875 2275 diei
1907 2223 1989 2274 10.
2018 2221 2161 2290 Aug.
2194 2219 2333 2271 1819
2378 2214 2511 2281 „Ex-

92 2313 277 2384 positio
304 2313 583 2366 sententiae
614 2314 750 2368 Suae
773 2313 1068 2370 Sanctitatis
1102 2315 1164 2367 de
1192 2313 1532 2367 declaratione
1553 2311 1846 2384 principum
1876 2318 1928 2362 et
1957 2308 2221 2361 civitatum
2249 2305 2509 2357 unitorum

93 2400 328 2453 confoed.
369 2407 564 2481 germ.“
606 2402 797 2472 rejecit.
873 2401 1149 2456 Permultis
1190 2401 1308 2454 hinc
1347 2401 1471 2454 inde
1509 2400 1766 2464 tractatis,
1819 2396 2168 2469 compluribus
2194 2391 2513 2466 principibus

95 2494 147 2539 et
203 2487 490 2541 civitatibus
548 2488 723 2542 liberis
779 2508 890 2543 rem
946 2487 1689 2554 inchoatam*destituentibus,
1746 2486 1829 2538 die
1872 2487 1953 2541 16.
1996 2486 2134 2554 Aug.
2189 2482 2322 2534 1821
2372 2476 2514 2530 bulla

98 2574 384 2643 „Provida
414 2576 697 2650 solersque“
756 2578 1022 2651 apparuit,
1096 2596 1229 2649 quae
1276 2578 1604 2650 provinciam
1666 2574 1946 2645 superioris
2006 2571 2176 2623 Rheni
2235 2565 2514 2632 constituit,

98 2662 530 2716 archidioecesem
585 2673 636 2716 et
703 2663 964 2719 dioeceses
1020 2664 1372 2736 suffraganeas
1429 2660 1843 2732 circumscripsit.
1951 2658 2056 2712 Sed
2113 2657 2257 2710 bulla
2309 2654 2515 2707 demum

99 2749 224 2818 „Ad
257 2750 519 2804 Dominici
571 2751 757 2823 Greyis
793 2752 1108 2809 custodiam“
1155 2751 1335 2806 Leonis
1372 2750 1433 2804 P.
1473 2750 1608 2803 XII.
1649 2749 1750 2802 diei
1803 2747 1880 2803 ΙΙ.
1918 2745 2090 2819 April.
2146 2744 2286 2798 1827
2326 2739 2516 2795 erectio

96 2836 408 2892 dioecesium
444 2838 578 2890 facta
629 2846 680 2891 et
719 2838 901 2892 electio
939 2838 1222 2892 antistitum
1275 2839 1513 2893 ordinata
1551 2838 1659 2890 fuit.
1753 2834 1953 2889 Notum
1990 2842 2082 2899 est,
2123 2832 2288 2886 edicto
2328 2829 2516 2900 guber-

97 2923 302 2977 niorum
358 2924 462 2978 diei
518 2926 603 2977 30.
659 2925 779 2979 Jan.
833 2926 1005 2994 1830,
1062 2933 1212 3000 pacto
1251 2945 1366 2980 cum
1403 2946 1442 2979 s.
1481 2925 1602 2978 sede
1639 2924 1769 2977 inito
1809 2922 1962 2976 valde
2013 2919 2300 2984 contrari0‚
2365 2914 2518 2985 juris-

99 3009 373 3064 dictionem
415 3013 757 3085 episcopalem
794 3013 903 3067 fere
945 3014 1197 3067 sublatam
1236 3032 1360 3067 esse.
1437 3012 1635 3067 Contra
1685 3012 1784 3066 hoc
1820 3010 2044 3064 edictum
2093 3009 2274 3060 breves
2312 3003 2518 3055 litterae

98 3096 187 3150 Pii
223 3097 280 3152 P.
331 3098 484 3151 VHI.
588 3101 929 3170 „Per-venerat
975 3122 1076 3156 non
1129 3105 1240 3156 ita“
1295 3100 1397 3153 diei
1436 3101 1519 3153 30.
1558 3099 1683 3155 Jun.
1727 3099 1866 3152 1830
1915 3096 2200 3151 solenniter
2245 3099 2365 3145 sunt
2401 3106 2520 3160 pro·

99 3192 325 3239 testatae.
403 3185 486 3238 Ex
523 3205 657 3242 anno
695 3189 833 3242 1848
872 3189 1115 3242 ordinarii
1154 3182 1305 3260 hujus
1344 3188 1641 3260 provinciae
1666 3194 1805 3239 recta
1842 3185 1926 3237 via
1965 3193 2052 3237 aut
2087 3177 2517 3236 transactionibus

94 3271 511 3340 jurisdictionem
568 3274 692 3346 ipsis
748 3275 975 3330 debitam
1032 3276 1374 3330 vindicarunt.
1470 3274 1798 3329 Concordata
1853 3273 1988 3325 inter
2036 3288 2283 3340 magnum
2336 3265 2517 3317 ducem

101 3357 391 3412 Badensem
453 3368 505 3412 et
561 3378 738 3431 regem
798 3362 1282 3435 Wurttembergiae
1340 3371 1390 3415 et
1446 3381 1484 3417 S.
1540 3361 1713 3415 sedem
1772 3368 1892 3413 sunt
1938 3359 2092 3424 inita,
2159 3377 2189 3408 a
2235 3350 2517 3425 guberniiS,

99 3444 407 3499 instantibus
447 3447 679 3514 statibus,
717 3448 984 3520 abrogata,
1036 3451 1154 3522 lege
1193 3450 1331 3504 civili
1369 3449 1553 3503 relatio
1591 3449 1726 3502 inter
1749 3447 2016 3501 ecclesiam
2044 3453 2096 3499 et
2121 3463 2231 3498 rem
2259 3440 2519 3513 publicam

99 3532 305 3585 sancita.
401 3533 556 3589 Unde
593 3534 779 3600 evenit,
838 3545 909 3602 ut,
961 3556 1092 3608 quae
1142 3538 1208 3590 sit
1258 3538 1311 3590 in
1363 3555 1569 3609 quaque
1620 3535 1840 3590 dioecesi
1892 3532 2138 3587 ecclesiae
2190 3527 2447 3594 conditio,-
2489 3544 2520 3577 a

101 3620 350 3691 cujusque
388 3628 558 3675 terrae
593 3621 818 3694 pendeat
853 3624 1213 3678 constitutione
1252 3624 1404 3690 civili,
1456 3643 1550 3676 suo
1587 3624 1702 3678 loco
1743 3620 2064 3694 exponenda.

246 3707 672 3780 Archiepiscopus
710 3717 762 3762 et
797 3709 1043 3782 Episcopi
1078 3711 1140 3763 ad
1180 3729 1416 3765 normam
1453 3711 1627 3764 bullae
1679 3708 1802 3778 „Ad
1835 3707 2098 3763 Dominici
2139 3706 2325 3776 Greyis
2363 3714 2520 3757 custo-

105 3793 283 3847 diam-‘⁴
336 3813 368 3846 a
415 3796 700 3868 respectivo
751 3795 975 3868 capitulo
1023 3798 1180 3856 modo
1231 3798 1470 3869 sequenti
1524 3797 1803 3869 eliguntur.
1898 3795 2051 3848 Intra
2099 3811 2327 3846 mensem
2368 3811 2397 3844 a
2437 3790 2519 3845 die

105 3881 388 3936 vacationis
441 3883 846 3956 computandum
895 3883 1194 3957 Capitulum
1244 3884 1544 3958 Principem
1602 3883 1875 3937 certiorem
1927 3881 2050 3935 facit
2106 3881 2172 3935 de
2226 3879 2519 3934 nominibus
2613 3928 2617 3935 .
