2670 4126
2451 96 2506 139 23

104 230 494 305 baptizatorum,
549 237 874 283 mortuorum
922 245 1162 283 numerus
1203 225 1520 282 Consistorio
1570 234 1721 280 notus
1771 243 1877 279 non
1928 233 2021 291 est,
2082 244 2241 296 quum
2293 228 2504 298 parochi

106 317 583 388 „consignationes“
641 316 817 370 officiis
871 314 1225 388 imperialibus
1281 312 1500 379 tradant,
1560 313 1802 379 „notitiae
1860 312 2175 366 statisticae“
2230 332 2352 367 vero
2401 333 2503 368 non

101 404 380 460 secundum
415 404 683 476 parochias
719 403 809 458 sed
846 402 1106 455 districtus
1145 401 1379 473 politicos
1420 400 1821 453 conscribantur.

92 494 94 497 ’
241 490 743 546 Communicantium
780 507 1026 542 numerus
1065 507 1234 561 neque
1272 488 1322 540 in
1363 485 1619 558 Oatalogo
1658 487 1934 540 adnotatur
1973 505 2143 559 neque
2186 486 2507 542 Consistorio'

99 578 530 633 communicatur.

27 652 30 653 ⁷
252 664 663 736 Confirmatiwis
698 673 1075 717 sacramentum
1115 661 1388 734 quotannis
1426 661 1681 732 recipiunt
1721 662 1856 714 circa
1893 663 2102 728 2Ο,ΟΟΟ.

252 751 592 806 Matrimonia
629 752 798 803 mioeta
834 769 878 804 a.
923 751 1052 804 1861
1098 750 1227 802 inita
1264 757 1416 802 sunt.
1477 749 1571 801 141
1618 749 1827 821 praevia
1867 749 2248 821 dispensatione
2285 758 2335 804 et
2372 750 2504 803 datis

101 838 314 913 „litteris
349 836 721 893 reversalibus“
765 838 1130 910 (syngraphis)
1169 836 1233 891 de
1270 834 1545 890 educandis
1582 834 1760 889 liberis
1799 836 2069 889 nascituris
2107 836 2161 889 in
2199 838 2302 891 fide
2333 837 2503 891 catho-

94 926 206 995 lica,
245 907 315 981 20
349 925 492 980 nulla
530 925 739 979 obtenta
778 924 1156 997 dispensatione
1193 943 1311 978 cum
1353 923 1674 990 „assistentia
1710 923 1926 995 parochi
1963 924 2179 996 passiva.
2189 930 2213 956 “

235 1012 564 1072 Matrimonia
601 1019 861 1066 contracta
897 1020 1018 1066 sunt
1055 1032 1097 1065 a.
1140 1013 1272 1066 1861
1306 1012 1533 1109 praevia
1583 1009 1958 1082 dispensatione
1995 1012 2060 1064 ab
2098 1011 2284 1084 imped.
2325 1012 2502 1065 dirim.

95 1118 333 1171 consang.
362 1100 416 1153 in
441 1119 520 1172 gr.
549 1101 595 1153 3.
628 1099 913 1170 attingente
951 1104 999 1153 2.
1039 1117 1103 1152 ex
1141 1099 1313 1153 facult.
1354 1098 1669 1171 quinquenn.
1710 1099 1794 1165 39,
1835 1099 1940 1150 ab
1925 1118 2048 1172 imp.
2078 1118 2215 1152 cons.
2254 1119 2334 1171 gr.
2363 1103 2410 1153 2.
2450 1107 2501 1153 et

92 1187 228 1242 affin.
264 1206 345 1259 gr.
383 1191 449 1256 2.,
486 1187 622 1240 affin.
653 1189 698 1241 1.
738 1206 816 1259 gr.
856 1187 1021 1241 lineae
1059 1187 1225 1240 collat.
1266 1186 1495 1258 aequalis
1535 1194 1585 1240 et
1622 1186 1824 1258 inaequ.
1864 1186 1917 1238 in
1956 1190 2291 1255 summa1163
2355 1188 2494 1240 affin.

91 1274 389 1330 inhonestae
426 1274 653 1328 notoriae
693 1276 738 1328 1.
779 1283 831 1328 et
867 1277 915 1328 2.
943 1293 1034 1346 gr.
1076 1292 1143 1328 ex
1180 1274 1352 1327 facult.
1398 1275 1480 1326 15.
1519 1306 1587 1314 —
1627 1273 2052 1345 Dispensationes
2092 1276 2154 1327 ab
2194 1276 2316 1349 imp.
2344 1295 2422 1346 gr.
2451 1276 2499 1329 3.

91 1371 142 1416 et
178 1363 227 1416 4.
267 1381 405 1416 conS.
442 1362 524 1417 vel
561 1362 699 1415 affin.
739 1362 1002 1436 speciatim
1040 1382 1147 1416 non
1186 1362 1514 1415 adnotantur.

232 1448 328 1504 IV.
368 1449 543 1504 Status
584 1449 735 1504 Cleri.
822 1470 866 1504 a.
904 1449 1175 1504 Institutio,
1264 1449 1432 1503 Adest
1486 1451 1537 1520 1)
1576 1448 1927 1502 Seminarium
1956 1469 2239 1521 puerorum
2276 1449 2498 1521 Pragae,

93 1536 230 1609 quod
266 1537 445 1591 habuit
479 1537 582 1590 fine
618 1538 740 1591 anni
777 1537 934 1592 schol.
989 1539 1131 1591 1864
1167 1537 1399 1590 alumnos
1439 1537 1523 1603 59,
1551 1536 1906 1607 ,gymnasium
1943 1537 2206 1608 publicum
2257 1539 2497 1610 frequen-

91 1632 284 1692 tantes3
325 1643 582 1699 expensae
620 1644 662 1681 a.
707 1627 846 1680 1864
883 1625 995 1679 flor.
1035 1626 1210 1693 8-608,
1249 1626 1504 1678 bonorum
1541 1643 1741 1676 summa
1778 1632 1889 1677 erat
1927 1625 2044 1677 circ.
2076 1626 2312 1678 145.000
2337 1626 2388 1678 fl.
2425 1658 2494 1665 -—

99 1712 154 1783 2)
181 1712 529 1766 Seminarium
560 1711 873 1767 Olerieorum
892 1713 1114 1784 Pragae,
1131 1711 1269 1786 quod
1295 1712 1450 1765 habet
1481 1713 1504 1763 1
1542 1711 1887 1777 Directorem,
1928 1715 1960 1765 2
1992 1712 2276 1781 Vice-Dir.,
2320 1715 2343 1766 1
2381 1713 2499 1787 Spi-

87 1798 342 1867 ritualem,
399 1800 502 1853 123
541 1800 790 1867 alumnOS,
848 1800 937 1872 qui
993 1799 1209 1871 collegia
1258 1798 1514 1852 facultatis
1572 1798 1730 1852 theol.
1787 1799 2016 1852 audiunt.
2112 1800 2216 1852 Per
2273 1809 2496 1871 quatuor

89 1904 248 1940 annos
283 1886 356 1940 ibi
394 1886 603 1958 degunt.
678 1887 845 1940 Extra
883 1888 1213 1941 seminarium
1250 1906 1370 1940 raro
1419 1885 1712 1957 theologiae
1750 1886 2007 1940 studiosus
2048 1887 2189 1939 vivit.
2223 1887 2496 1941 Praeterea

89 1973 261 2028 clerici
308 1974 571 2046 regulares
623 1976 736 2046 (10)
777 1984 863 2027 aut
900 1975 953 2027 in
990 1974 1262 2028 seminario
1319 1982 1408 2026 aut
1462 1973 1515 2026 in
1567 1973 1900 2027 conventibus
1954 1975 2186 2045 degunt:
2245 1974 2495 2028 Redditus

87 2060 366 2117 Seminarii
403 2066 491 2131 (ex
527 2061 677 2116 bonis
714 2062 938 2134 propriis
978 2071 1029 2117 et
1065 2063 1226 2116 fundo
1264 2061 1553 2133 religionis)
1608 2069 1727 2113 sunt
1765 2062 1900 2114 circa
1939 2064 2134 2128 60,ΟΟΟ
2170 2061 2220 2114 fl.
2258 2082 2324 2115 m.
2365 2082 2408 2114 a.

227 2148 276 2202 b.
323 2147 521 2202 Titulus
557 2149 897 2204 ordinationis
934 2150 1150 2203 usitatus
1177 2158 1266 2216 est,
1307 2149 1397 2220 qui
1422 2156 1634 2201 vocatur
1672 2148 1852 2215 „fundi
1876 2149 2201 2221 religionis“,
2239 2150 2496 2203 rarissime

86 2235 219 2289 alius
257 2236 490 2289 occurrit.
1202 2301 1211 2307 .

229 2342 271 2376 c.
315 2322 457 2377 Cura
494 2326 828 2387 emeritorum,
869 2323 1240 2389 demeritorum,
1279 2326 1650 2398 quiescentium.
1727 2323 1843 2377 Nisi
1880 2325 2061 2397 pensio
2098 2324 2153 2377 in
2178 2323 2493 2396 resignando

88 2409 335 2464 beneficio
371 2410 627 2464 sacerdoti
665 2409 823 2464 debili
863 2419 954 2464 cet.
981 2411 1235 2465 reservari
1253 2408 1446 2484 potest,
1486 2410 1779 2466 deficientes
1818 2430 1883 2465 ex
1905 2412 2066 2465 fundo
2093 2411 2243 2483 relig.
2271 2412 2493 2465 aluntur.

93 2496 232 2552 Vide
271 2501 427 2569 supra
463 2501 508 2566 ξ.
547 2499 595 2550 9.
918 2536 920 2538 ν

215 2584 278 2640 „d.
316 2585 527 2638 Status:
576 2583 629 2636 in
666 2583 944 2638 Bohemia:
992 2606 1030 2638 S.
1070 2606 1109 2639 s,
1151 2587 1320 2653 1.Ο18,
1359 2605 1399 2638 r.
1438 2588 1581 2654 465,
1611 2587 1643 2639 i.
1682 2606 1719 2639 s.
1760 2587 1913 2640 1.483
1952 2587 2006 2639 in
2042 2586 2318 2640 Borussia:
2375 2607 2413 2640 S.
2454 2606 2491 2639 s.

89 2672 205 2738 110,
244 2689 356 2742 reg.
394 2672 456 2738 03
492 2703 555 2710 --
581 2690 781 2724 summa
806 2671 977 2725 totalis
1019 2674 1173 2740 1593,
1212 2673 1497 2727 sacerdotes
1537 2692 1710 2726 curam
1749 2673 2036 2726 animarum
2061 2682 2306 2746 gerentes
2337 2675 2491 2727 1052.

82 2758 146 2812 A.
194 2759 336 2812 1864
382 2757 602 2810 ordinati
640 2765 758 2811 sunt
796 2759 858 2812 31
925 2778 1055 2813 saec.
1113 2762 1146 2813 8
1202 2762 1364 2832 regul.
1416 2761 1609 2814 mortui
1661 2761 1746 2815 37.
1784 2794 1854 2801 —
1892 2761 2126 2829 Emeriti,
2165 2761 2490 2833 pensionati3

84 2843 374 2900 deficientes
401 2845 496 2912 733
530 2844 733 2916 jubilati
756 2846 926 2944 ·(50¹¹¹¹¹
927 2856 963 2879 111
986 2847 1178 2901 sacerd.
1217 2867 1410 2901 annum
1433 2847 1630 2920 per-fic.)
1656 2849 1756 2914 45,
1745 2869 1756 2880 ·
1796 2857 1944 2902 extra
1977 2849 2258 2903 dioecesim
2287 2868 2492 2903 moran-

83 2939 167 2986 tur
192 2934 301 3001 42,
339 2952 438 2986 sac.
479 2932 715 2987 extranei
753 2932 808 2986 in
845 2934 1041 2987 archid.
1082 2944 1463 2989 commorantur
1490 2935 1576 2993 72.

225 3020 294 3073 V.
330 3019 626 3092 Reyulares.
701 3021 769 3073 A.
825 3019 1087 3094 Reliqiosi.
1166 3024 1218 3094 1)
1279 3022 1401 3077 Ord.
1440 3021 1615 3096 Equit.
1656 3022 1920 3077 Johannit.
1971 2988 2226 3094 (Praqae)
2281 3024 2302 3074 1
2353 3022 2487 3074 dom.

85 3124 200 3159 cum
239 3107 309 3159 30
344 3126 462 3175 sac„
502 3107 623 3162 cler.
661 3108 794 3180 prof.
836 3110 885 3175 5,
924 3127 1032 3163 11011
1068 3109 1202 3182 prof.
1244 3111 1291 3176 1,
1330 3109 1491 3162 novit.
1531 3111 1580 3177 3,
1619 3110 1650 3162 i.
1688 3130 1727 3162 s.
1769 3111 1853 3163 39.

226 3194 283 3264 2)
327 3193 451 3247 Ord.
487 3195 593 3252 mil
651 3195 798 3256 Orue.
835 3215 877 3248 c.
914 3216 959 3249 r.
996 3207 1054 3249 st.
1106 3196 1206 3268 (Pr
1176 3216 1352 3294 rayae,
1406 3215 1523 3250 cum
1571 3197 1774 3249 multis
1795 3196 2068 3268 parochiiS,
2109 3194 2399 3249 commend.
2440 3203 2488 3248 et

81 3281 272 3352 resid..)
347 3280 464 3337 Sac.
502 3282 587 3349 77,
626 3282 744 3336 cler.
782 3303 833 3356 p.
873 3285 923 3350 6,
961 3301 1077 3336 nov,
1117 3287 1167 3351 2,
1206 3283 1239 3336 i.
1278 3303 1316 3336 S.
1356 3284 1442 3336 85.

100 3415 129 3430 Α,
226 3368 281 3441 3)
320 3362 718 3425 Praemonstrat.
775 3369 1061 3442 (Canoniae
1098 3370 1307 3441 Prayae
1357 3378 1409 3423 et
1455 3369 1662 3442 Teplae)
1715 3389 1844 3426 cum.
1883 3388 1985 3423 sac.
2035 3368 2158 3437 177,
2199 3368 2260 3421 cl.
2310 3387 2361 3440 p.
2405 3369 2485 3435 16,

81 3473 130 3508 11.
167 3473 217 3527 p.
255 3457 306 3522 4,
344 3474 460 3510 nov.
499 3457 548 3522 9,
586 3455 619 3508 i.
657 3476 696 3511 s.
746 3459 867 3512 206.

222 3542 279 3614 4)
319 3541 373 3595 S.
415 3541 681 3595 Benedicti
718 3543 947 3616 (abbatia
983 3544 1039 3598 in
1076 3545 1268 3598 Emaus
1305 3543 1529 3615 Praq'ae,
1567 3543 1622 3596 in
1649 3543 1934 3611 Brzevnov)
1972 3563 2010 3595 s.
2038 3544 2124 3610 28,
2165 3542 2227 3595 cl.
2264 3560 2315 3613 p.
2343 3541 2392 3607 7,
2431 3560 2481 3594 n.

83 3646 136 3699 p.
179 3629 223 3695 1,
261 3646 310 3682 n.
350 3629 410 3692 33
467 3627 580 3681 laic.
618 3629 748 3700 prof.
790 3631 837 3698 1,
875 3631 907 3683 i.
945 3650 983 3685 s.
1026 3632 1110 3684 40.
2008 3700 2011 3702 q

227 3714 283 3785 5)
320 3714 426 3768 PP.
463 3714 610 3770 Piar.
651 3714 814 3770 Schol.
852 3718 885 3770 5
924 3716 1057 3786 coll.,
1096 3720 1128 3772 2
1168 3717 1321 3772 resid.
1360 3736 1475 3770 cum
1512 3738 1552 3770 s.
1591 3719 1677 3783 29,
1717 3716 1779 3769 cl.
1818 3737 1868 3789 p.
1910 3718 1991 3782 18,
2032 3735 2079 3768 11.
2103 3734 2153 3791 p.
2183 3715 2231 3785 3,
2271 3712 2302 3767 i.
2329 3734 2369 3768 s.
2398 3716 2481 3772 50.

227 3799 283 3871 6)
325 3799 448 3856 Ooll.
485 3822 548 3856 ss.
586 3801 847 3874 Redempt.
885 3821 1000 3860 cum
1041 3806 1107 3861 15
1147 3824 1215 3872 8.,
1256 3807 1288 3857 6
1325 3805 1440 3862 laic.
1477 3823 1555 3878 p.,
1607 3803 1638 3857 i.
1678 3823 1718 3856 s.
1759 3804 1844 3863 21,
