2670 4126
219 192 275 232 74

763 326 819 392 Ι.
927 325 1407 395 Provincia
1489 325 2079 394 coloniensis,

1327 468 1373 533 ξ.
1451 465 1534 516 51.

786 582 867 641 A.
913 584 1350 641 Arclzidioecesis
1394 585 1732 642 Coloniensis
1777 578 1877 659 (C
1889 593 1920 639 ὁ·
1939 585 2050 656 ln).

363 733 551 785 Erecta
590 751 699 785 esse
736 733 901 785 fertur
937 752 967 783 a
1004 730 1059 787 S.
1097 730 1333 784 Materno
1385 731 1699 804 (88-138)‚
1759 731 1813 786 S.
1852 731 1998 784 Petri
2034 731 2136 804 Ap.
2177 730 2461 804 discipu103
2513 752 2626 787 eam

213 823 322 892 jam
380 818 696 892 temporibus
753 820 963 873 secundi
1032 819 1086 872 S.
1148 818 1403 884 Materni,
1481 819 1570 889 qui
1637 827 1813 872 sextus
1880 818 2064 871 dieitur
2132 819 2290 873 fuisse
2360 819 2627 892 episcopus

220 908 566 979 (285-315),
608 915 832 960 erectam
869 907 1022 960 fuisse
1072 914 1285 960 constat.
1377 905 1442 958 In
1497 907 1824 978 metropolim
1880 927 1924 959 a.
1982 907 2088 960 ’798
2144 915 2313 960 erecta
2367 907 2627 961 dioeceses

220 995 496 1055 Leodiem„
558 993 846 1060 Mona-ster„
909 994 1197 1066 Osnabruy.
1253 993 1608 1064 suffraganeas
1665 994 1858 1047 habuit.
1948 994 2106 1046 Anno
2164 995 2302 1048 1803
2355 994 2629 1048 saecularis

215 1081 419 1136 reddita
477 1081 567 1152 (ex
624 1090 772 1154 parte
821 1083 931 1152 jam
989 1081 1245 1135 decennio
1297 1089 1415 1134 ante
1454 1083 1727 1155 occupata)
1768 1081 1912 1134 bulla
1960 1081 2048 1135 Pii
2094 1076 2225 1135 VII.
2302 1082 2415 1152 „De
2465 1083 2630 1137 salute

176 1204 180 1208 -
220 1172 552 1223 animarum“
595 1170 676 1220 16.
714 1168 823 1223 Jul.
868 1162 998 1223 1821
1043 1169 1293 1236 restituta,
1332 1169 1631 1241 episcopatu
1669 1169 2089 1240 Aquisgranensi
2125 1190 2170 1221 a.
2200 1171 2332 1224 1801
2375 1177 2544 1223 erecto
2580 1177 2632 1223 et

219 1264 439 1329 metrop.
487 1255 848 1309 Mechliniensi
886 1256 1088 1310 subdito
1136 1275 1443 1328 suppresso,
1487 1257 1645 1311 dioec.
1699 1256 1908 1322 Trevir„
1965 1257 2259 1322 Mona-ster„
2315 1257 2629 1312 Paderbom.

219 1344 574 1414 suffraganeas
612 1343 820 1415 recepit.
895 1341 1076 1414 Usque
1113 1344 1177 1396 ad
1216 1365 1260 1398 a.
1303 1346 1443 1398 1803
1481 1353 1818 1399 numerantur
1856 1344 1925 1398 87
1965 1362 2042 1417 ep.
2082 1353 2133 1397 et
2170 1345 2408 1418 archiep„
2446 1343 2633 1399 exinde

220 1433 253 1484 3
280 1431 651 1504 archiepiscopi
690 1433 841 1484 88vus
887 1439 965 1485 est

363 1518 615 1571 Paulus
654 1518 1029 1586 MelcherS‚
1068 1528 1176 1572 nat.
1216 1522 1263 1573 6.
1289 1519 1410 1575 Jan.
1441 1521 1596 1587 1813,
1636 1520 1907 1593 episcopus
1935 1519 2355 1591 Osnabrugensis
2387 1521 2473 1574 20.
2499 1518 2632 1592 Apr.

483 1607 636 1673 1858,
663 1624 693 1657 a
714 1605 821 1660 Sua
840 1605 1127 1661 Sanctitate
1146 1608 1441 1661 nominatus
1467 1615 1519 1661 et
1542 1626 1782 1680 praecon.
1809 1607 2030 1679 archiep.
2061 1607 2242 1662 Colon.
2262 1609 2311 1662 8.
2332 1606 2370 1662 J
2371 1626 2452 1660 an.
2477 1607 2641 1660 1866.

363 1692 580 1747 Mensa:
656 1695 852 1749 12.000
902 1694 1128 1748 Thaleri.
1203 1694 1351 1748 Taxa
1388 1714 1652 1750 camerae:
1695 1697 1854 1753 1.000
1890 1696 1940 1749 fl.
1978 1714 2084 1748 aur.

365 1780 413 1835 Ι.
470 1780 625 1834 Silue.
701 1780 952 1835 Continet
1008 1782 1270 1836 districtus
1322 1783 1539 1855 gubern.
1589 1785 1787 1837 boruSS.
1851 1783 2218 1847 Coloniensem,
2299 1781 2634 1856 Aquisqran„

150 1875 159 1883 ‘
221 1886 464 1939 magnam
490 1876 690 1939 partem
724 1867 1055 1942 Dicsseldorp.
1089 1879 1140 1923 et
1158 1891 1370 1943 parvam
1398 1871 1722 1925 Trevirensi&
1767 1871 2050 1926 Οἰνοπίωνι
2071 1869 2228 1923 habet
2251 1871 2431 1942 205¹s4
2453 1878 2507 1932 Ε]
2528 1869 2635 1922 mil.

174 1964 197 1977 “
364 1954 437 2008 II.
487 1955 759 2008 Dividitur
806 1956 861 2009 in
910 1959 982 2010 44
1021 1957 1314 2027 decanatuS,
1377 1979 1598 2031 quorum
1637 1960 1854 2032 quisque
1903 1959 1958 2011 in
1996 1958 2120 2010 duas
2171 1957 2483 2029 definitiones
2519 1956 2635 2009 sub-

223 2041 479 2096 dividitur.
558 2042 757 2095 Decani
797 2044 860 2095 ab
901 2044 1182 2099 Ordinario
1223 2047 1559 2101 nominantur
1596 2047 1661 2099 ad
1701 2046 1806 2100 dies
1844 2047 1979 2098 vitae
2016 2066 2045 2100 e
2080 2046 2245 2099 tribus
2283 2042 2566 2115 candidatis
2605 2061 2635 2095 a

223 2131 498 2183 decanatus
537 2131 782 2202 parochis
820 2132 1162 2186 nominandis.
1226 2134 1486 2188 Definitor
1524 2153 1655 2187 unus
1694 2134 1758 2186 ab
1809 2133 2108 2201 OrdinariO,
2161 2132 2290 2184 alter
2326 2151 2357 2183 a
2392 2129 2632 2204 parochis

225 2217 497 2289 eligendus
556 2216 838 2272 Ordinario
897 2220 1280 2275 confirmandus
1329 2222 1643 2296 proponitur
1698 2221 1916 2294 (Concil.
1966 2240 2112 2293 prov.
2169 2240 2213 2273 a.
2254 2220 2410 2274 1860.
2465 2217 2526 2271 Ρ.
2562 2217 2637 2271 II.

225 2325 333 2377 cap.
371 2304 498 2357 VII.
536 2323 656 2375 pag.
700 2306 843 2378 103).

368 2392 474 2444 III.
534 2391 711 2445 Status
749 2397 1050 2449 animarum
1107 2397 1332 2468 (1862):
1413 2396 1559 2451 Cath.
1622 2396 1917 2464 1,368.100.
1991 2394 2175 2448 Acath.
2228 2392 2474 2447 457.194.
2546 2390 2642 2445 Ju-

225 2479 344 2533 daez'
385 2479 591 2531 16373.
2255 2481 2262 2485 ’
2298 2500 2306 2510 ·

368 2567 474 2620 Per
524 2584 716 2619 annum
769 2569 888 2623 circ.
936 2570 1132 2624 27.000
1185 2590 1278 2643 per
1329 2571 1560 2626 diversos
1617 2550 1895 2624 decanatus
1948 2568 2228 2640 confirmat.
2279 2584 2489 2620 sacram.
2525 2563 2640 2620 refi-

226 2653 446 2720 ciuntur,
484 2653 555 2705 ita
592 2662 650 2707 ut
686 2655 905 2727 singulis
944 2659 1221 2730 septenniis
1261 2678 1356 2731 per
1391 2667 1551 2712 totam
1588 2658 1868 2713 dioecesim
1904 2657 2216 2729 porrigatur.

373 2740 593 2795 Circiter
642 2742 709 2795 ad
758 2744 828 2797 27
878 2745 1071 2799 incolas
1126 2749 1150 2799 1
1207 2747 1493 2800 nasciturus
1549 2754 1654 2814 est,
1731 2764 2007 2818 puerorum
2057 2760 2303 2796 numerus
2351 2736 2641 2812 puellarum

227 2835 450 2899 superat,
488 2836 609 2880 sunt
646 2830 708 2882 ad
747 2832 967 2887 invicem
1006 2842 1065 2888 ut
1088 2835 1417 2892 50.96:49.4.
2626 2891 2628 2894 ,

371 2915 439 2966 A.
493 2915 624 2967 1861
684 2923 1018 2993 matrimonia
1072 2942 1207 2975 mere
1256 2922 1387 2975 cath.
1429 2921 1604 2987 9946,
1655 2920 1825 2972 mixta
1863 2919 1970 2971 510
2009 2916 2084 2990 [et
2121 2913 2331 2986 quidem
2380 2912 2488 2965 418
2526 2929 2643 2963 cum

228 3001 566 3074 promissione
605 3003 803 3059 educat.
841 3007 1118 3062 liberorum
1159 3008 1289 3062 cath.
1329 3027 1502 3062 eoram
1539 3006 1767 3080 parocho
1794 3004 2072 3069 catholico3
2112 3004 2180 3055 92
2208 3019 2381 3054 coram
2408 2997 2642 3052 ministro

231 3088 546 3156 acatholic0‚
586 3107 615 3142 e
655 3092 839 3162 quibus
878 3094 1032 3148 liberi
1086 3104 1175 3148 aut
1212 3114 1389 3150 omnes
1427 3103 1516 3147 aut
1563 3094 1715 3147 unius
1754 3112 1906 3147 sexus
1944 3088 2224 3144 acatholice
2260 3083 2641 3154 educabuntur]

231 3183 350 3228 sunt
405 3174 547 3228 inita.
585 3175 920 3233 Matrimonia·
962 3202 1108 3237 mere
1146 3182 1316 3235 civilia
1354 3183 1492 3254 (lege
1530 3181 1668 3234 civili
1705 3178 1978 3253 permissa)
2036 3173 2359 3244 „rarissime“
2404 3172 2484 3245 (ut
2521 3166 2645 3224 dicit

230 3261 410 3315 relatio
451 3262 836 3338 Ordinariatus)
876 3277 1165 3322 occurrunt.

376 3348 698 3405 Mor-tuorum
735 3372 980 3408 numerus
1019 3356 1284 3408 annuatim
1323 3364 1401 3410 est
1437 3358 1543 3413 267
1581 3373 1676 3428 pro
1714 3361 1843 3408 cent.
1880 3351 2132 3406 vivorum.
2464 3424 2466 3426 ¹

337 3494 341 3498 .
379 3447 622 3521 Reyistra
661 3444 862 3517 (libros)
901 3443 1362 3511 matrimoniorum,
1401 3452 1655 3510 natorum,
1693 3448 2015 3495 mortuorum
2055 3434 2229 3511 quoad
2262 3433 2491 3504 effectmn
2527 3429 2644 3482 civi-

235 3535 333 3590 lem
384 3556 413 3588 a
462 3533 700 3608 parochis
752 3539 1008 3603 geruntur
1055 3538 1255 3582 tantum
1307 3531 1361 3582 in
1412 3530 1662 3584 decanatu
1715 3529 1882 3582 Essen
1934 3527 2021 3596 (11
2065 3519 2326 3596 paroch),
2383 3516 2474 3570 ubi
2529 3516 2644 3603 „jus

237 3623 549 3678 territoriale
598 3620 953 3674 borussicum“
1013 3626 1063 3670 et
1111 3617 1165 3668 in
1215 3617 1390 3671 decan.
1439 3617 1602 3690 Erpel
1655 3616 1745 3688 (12
1784 3614 1931 3687 pan),
1981 3611 2070 3664 ubi
2107 3610 2219 3679 „jus
2259 3605 2424 3659 colon.
2462 3604 2639 3679 vetns“

238 3711 450 3764 obtinet.
543 3709 610 3761 In
668 3708 885 3777 reliquis
942 3705 998 3757 hi
1045 3703 1164 3756 libri
1216 3703 1455 3758 effectum
1492 3722 1634 3757 mere
1685 3702 1866 3762 eccles.
1918 3700 2138 3763 habent3
2178 3714 2283 3766 pro
2324 3692 2452 3764 foro
2507 3687 2646 3742 civili

240 3805 480 3850 tenentur
518 3817 548 3847 a
585 3793 969 3865 magistratibus
1009 3790 1313 3864 (secundum
1342 3792 1429 3862 jus
1466 3789 1810 3860 francogalliC.
1849 3785 2034 3857 civile).
2119 3781 2185 3835 In
2208 3778 2424 3850 reliquis
2448 3775 2644 3831 indices

240 3883 335 3935 ulli
372 3903 402 3935 a
438 3882 677 3955 parochis
717 3880 910 3933 civitati
946 3898 1052 3933 non
1090 3877 1292 3931 dantur.
