2670 4126
201 101 257 142 46

198 228 244 280 Ε
282 227 442 281 fundo
480 228 631 299 relig.
670 227 937 280 solvuntur
973 243 1069 296 pro
1109 224 1422 280 Consistorio
1463 228 1602 280 1890
1638 227 1687 280 fi.
1761 226 1988 300 Insuper
2022 250 2120 304 pro
2157 232 2599 289 administratione

199 315 322 368 eccl.
385 316 448 367 ab
513 315 741 368 ecclesiis
808 315 909 385 10s0
961 313 1109 366 redit.
1173 314 1416 380 solvitur,
1489 315 1590 386 1⁰l0
1651 332 1748 385 pro
1812 315 2224 386 ephemeridibus
2287 320 2598 384 dioecesanis

199 402 648 475 (Diocesanblatt).
723 403 772 454 2.
831 398 1084 452 Tribunal
1131 401 1511 454 matrimoniale
1548 420 1661 453 cum
1700 399 1876 454 PraeS.
1925 404 1962 455 4
2012 402 2231 472 Consil.‚
2282 410 2315 462 2
2368 408 2598 477 Substit„

143 569 148 579 Ι
201 493 226 543 1
265 490 491 557 defens,
552 490 576 541 1
622 494 800 540 secret.
876 486 961 540 Ex
1017 489 1060 540 1.
1110 487 1230 543 Jan.
1284 487 1423 540 1857
1474 506 1639 559 usque
1688 488 1754 540 ad
1802 488 1957 542 finem
2008 509 2052 542 a.
2106 492 2243 546 1863
2293 494 2430 566 (vide
2476 494 2601 568 Moy

197 577 411 630 Archiv,
443 578 544 647 jur.
584 575 706 628 eccl.
746 574 879 627 cath.
920 574 1071 628 Tom.
1110 574 1237 630 XII.
1274 594 1324 646 p.
1370 575 1492 646 175)
1531 583 1778 628 tractatae
1815 584 1935 628 sunt
1973 595 2154 630 causae
2190 597 2358 652 separ.
2393 601 2423 634 a
2444 582 2600 637 ,thoro

198 674 250 719 et
285 684 461 718 mensa
498 664 629 730 244,
670 661 835 714 nullit.
875 670 1022 714 matr.
1064 663 1157 728 10,
1197 661 1420 734 sponsal.
1461 662 1545 714 38.

339 752 409 804 Χ.
446 749 659 803 Fundus
695 749 959 821 reliyionis
994 749 1216 802 reditum
1253 748 1411 802 habet
1441 749 1668 815 142,288
1692 750 1742 802 fl.
1769 758 1820 803 et
1844 751 2124 804 secundum
2154 751 2366 823 Budget
2387 772 2431 807 a.
2463 757 2600 810 1863

197 858 451 913 expensas
491 837 722 908 ejusdem
761 836 1073 909 quantitatis,
1147 834 1231 887 Ex
1282 853 1343 889 eo
1399 834 1669 888 solvuntur
1719 841 1945 908 (praeter
1981 857 2065 905 ea,
2123 858 2256 911 quae
2294 859 2432 894 num.
2469 841 2602 896 VII.

197 929 332 981 dicta
365 925 505 997 sunt)
544 943 640 998 pro
677 925 748 978 48
787 923 1043 977 deficient.
1086 924 1275 976 11.655
1314 922 1394 985 fl.‚
1451 941 1547 994 pro
1583 923 1993 977 mendicantibus
2030 934 2246 978 monast.
2285 928 2456 996 2100,
2503 947 2600 1001 pro

199 1015 377 1070 600163.
417 1013 626 1086 paroch.
667 1012 801 1064 dom.
840 1019 935 1064 cet.
978 1012 1170 1063 10.140
1208 1012 1385 1082 (atque
1424 1010 1831 1064 extraordinarie
1867 1011 2082 1085 insuper
2124 1015 2354 1085 13.300).
2390 1019 2463 1056 -—-'

338 1101 553 1155 Fundus
588 1099 875 1154 studiorum
913 1098 1066 1151 habet
1102 1098 1327 1151 reditum
1365 1099 1559 1151 45563
1598 1098 1675 1165 fl.‚
1727 1116 1975 1170 expensas
2013 1101 2236 1169 36.993,
2290 1101 2406 1174 plus
2443 1103 2603 1157 8570

119 1182 122 1185 ¹
196 1190 261 1243 ad
300 1189 556 1243 aerarium
587 1187 871 1241 deducitur.

692 1471 818 1539 IV.
924 1470 1291 1538 Provincia
1359 1469 2106 1562 Salisburgensis.

1300 1656 1345 1721 g,
1420 1651 1504 1705 30.

1098 1771 1346 1832 Notitiae
1399 1772 1699 1846 yenerales’.

340 1953 385 1987 a.
425 1931 669 1986 Continet
717 1931 767 2002 a)
807 1929 1046 1982 ducatum
1086 1927 1541 1999 Salisburgensem
1593 1946 1707 1980 cum
1761 1927 1954 1993 130.15,
2004 1927 2060 1998 b)
2100 1930 2396 1984 comitatum
2434 1930 2599 2003 Tyro-

428 2021 626 2074 lensem
665 2026 716 2072 et
753 2018 1254 2087 Vorarlbergensem
1293 2035 1409 2069 cum
1447 2016 1641 2082 532.04,
1683 2015 1732 2087 c)
1770 2014 2010 2068 ducatum
2036 2014 2227 2070 Stiriae
2266 2036 2379 2071 cum
2402 2020 2600 2088 407.84‚

429 2108 485 2178 d)
526 2107 768 2158 ducatum
806 2103 1108 2158 Carinthiae
1147 2122 1266 2156 cum
1307 2104 1486 2165 18842
1523 2102 1615 2154 mil
1643 2110 1713 2167 []‚
1751 2101 1806 2154 in
1841 2121 2040 2155 summa
2081 2104 2292 2162 1258.45
2318 2105 2424 2158 mil.
2461 2114 2531 2168 [l.

338 2195 395 2267 b)
434 2194 671 2248 Incolae:
709 2194 798 2264 (ex
836 2191 1087 2262 catalogis
1125 2190 1326 2262 600163.)
1367 2190 1498 2241 cath.
1538 2189 1837 2257 2,495.276,
1887 2190 2049 2243 acath.
2088 2192 2296 2259 22.006‚
2336 2192 2438 2261 jud.
2477 2194 2599 2247 554.

342 2301 384 2335 0.
441 2281 647 2335 Clerus:
686 2300 724 2332 s.
762 2299 800 2332 3.
839 2278 1015 2344 4364,
1054 2298 1095 2331 r.
1139 2279 1308 2343 1.215,
1347 2276 1378 2328 i.
1418 2295 1458 2328 S.
1499 2276 1673 2328 5579.

429 2368 751 2440 Reyulares:
789 2386 855 2419 m.
896 2367 1071 2432 2.084,
1110 2366 1145 2417 f.
1185 2365 1359 2431 2.006,
1399 2363 1431 2415 i.
1470 2383 1510 2415 s.
1548 2363 1723 2415 4090.

342 2457 390 2509 d.
430 2455 606 2521 Quum
654 2454 800 2506 fundi
848 2454 955 2520 rel„
1005 2452 1158 2518 stud.,
1196 2450 1481 2504 secundum
1531 2450 1760 2521 singulas
1799 2457 1961 2503 terras
2012 2450 2309 2504 dividantur
2347 2459 2399 2504 et
2447 2451 2606 2507 admi-

430 2543 733 2609 nistrentur,
786 2540 924 2614 apud
963 2540 1219 2594 dioeceses
1257 2537 1395 2610 ipsas
1436 2537 1498 2589 de
1534 2536 1596 2589 iis
1634 2537 1993 2590 tranctandum
2030 2546 2120 2590 est.

1116 2705 1164 2763 D
1199 2705 1218 2761 i
1250 2721 1283 2761 o
1317 2721 1348 2761 e
1383 2721 1414 2760 0
1445 2721 1477 2760 6
1509 2720 1536 2762 3
1569 2720 1601 2760 6
1634 2721 1677 2762 3.

1296 2831 1343 2897 g.
1419 2828 1503 2880 31.

527 2946 594 3004 A.
640 2944 1076 3001 Archidz'oecesis
1139 2941 1754 3010 salisburgensis
1798 2937 2269 3014 (Salzbury).

342 3092 551 3146 Primus
602 3090 873 3163 episcopus
923 3090 1075 3142 fuisse
1112 3089 1277 3142 fertur
1313 3087 1367 3143 S.
1406 3087 1666 3159 Rupertus
1723 3086 2069 3159 (582-623)‚
2124 3087 2321 3159 primus
2377 3090 2600 3163 archiep.

199 3183 347 3234 Arno
388 3178 732 3253 (798—821).
811 3177 948 3230 1803
988 3176 1349 3229 saecularisata
1385 3174 1528 3228 bulla
1565 3173 1670 3226 Pii
1706 3173 1830 3226 VII.
1870 3174 1971 3226 dat.
2011 3173 2104 3227 VI.
2142 3173 2280 3227 Non.
2306 3174 2434 3246 Maji
2461 3178 2600 3231 1818

201 3269 266 3323 de
316 3287 451 3322 novo
502 3263 900 3336 circumscripta,
961 3263 1106 3316 bulla
1154 3263 1404 3316 Leonis
1454 3259 1580 3313 XII.
1618 3259 1753 3313 Non.
1791 3260 1943 3313 Mart.
1988 3262 2125 3313 1825
2168 3261 2306 3328 „Ubi
2340 3261 2598 3333 primum“

201 3356 496 3428 organisata
533 3363 625 3411 est.
698 3352 902 3405 Habuit
940 3352 1001 3404 71
1046 3350 1326 3422 Archiep.,
1367 3350 1450 3403 72.
1491 3354 1602 3401 est:

581 3446 1102 3501 Maximilianus
1159 3445 1239 3497 ΙΙ.
1296 3442 1637 3515 ‚Iosephus
1693 3441 1770 3494 de
1827 3441 2209 3512 Tarnoczy:

201 3537 431 3609 Legatus
470 3544 618 3588 natus
655 3536 710 3591 S.
750 3534 899 3591 Sedis
928 3533 1129 3604 Apost.‚
1170 3531 1372 3584 Primas
1401 3529 1724 3595 Germaniae,
1761 3527 2292 3600 Princeps-Archiep.‚
2333 3535 2482 3581 natus
2513 3530 2599 3582 24.

205 3624 321 3678 Oct.
353 3626 506 3691 1806,
546 3622 653 3675 ord.
679 3625 764 3676 25.
792 3621 906 3676 Oct.
937 3621 1091 3673 1829.
1120 3618 1310 3671 electus
1340 3621 1428 3672 25.
1458 3616 1575 3672 Oct.
1603 3616 1761 3681 1850,
1814 3616 2044 3671 confirm.
2087 3615 2168 3668 17.
2196 3614 2344 3668 Febr.
2375 3634 2599 3670 consecr.

906 3709 930 3760 1
977 3714 1029 3760 et
1064 3705 1189 3777 palli
1213 3704 1488 3775 insignitus
1519 3705 1567 3757 2.
1592 3702 1715 3758 Jun.
1745 3705 1898 3756 1851.

346 3805 556 3859 Mensa:
593 3804 790 3859 21.000
813 3803 864 3856 fl.
899 3821 927 3856 e
963 3799 1124 3855 fundo
1161 3799 1310 3870 relig.
1358 3799 1511 3853 Tama
1546 3815 1812 3850 camerae.-
1854 3797 2007 3850 1.000
2042 3794 2093 3862 fl.
2130 3813 2237 3849 aur.
2276 3795 2342 3850 de
2378 3815 2596 3852 camera.
