2670 4126
2435 157 2489 209 97

76 295 330 359 scholares
381 293 597 369 habent,
658 294 744 356 ubi
794 292 1002 356 scholae
1051 289 1340 372 puellarum
1380 291 1616 372 publicae
1653 307 1789 368 sunt,
1846 309 1998 372 saepe
2037 307 2190 351 curae
2227 299 2489 371 religiosa-
2540 338 2542 341 -

77 410 189 447 rum
225 389 509 459 subjacent.

215 479 266 532 2.
325 475 541 530 Praeter
591 476 793 531 scholas
850 475 1184 529 elementares
1239 475 1678 547 („germanicas“)
1731 475 1960 528 existunt
1999 473 2229 542 „scholae
2267 473 2491 527 latinae“

64 555 229 637 [quae
266 566 316 631 2,
357 565 388 617 3
428 564 512 617 vel
549 565 586 618 4
624 564 809 616 classes
848 563 1039 616 habent
1075 570 1127 616 et
1163 581 1280 614 cum
1318 562 1606 634 gymnasiis
1659 562 1994 615 inferioribus
2033 581 2072 616 S.
2109 561 2493 634 progymnasiis

33 651 284 705 ,aliarum
338 651 602 704 civitatum
640 650 970 723 congruunt],
1019 651 1296 722 yymuasia
1347 651 1677 722 (quibuscum
1714 650 1919 702 scholae
1957 649 2145 703 latinae
2181 650 2491 722 plerumque

72 747 192 792 sunt
230 738 577 809 conjunctae),
616 737 773 809 lycea,
813 755 943 807 quae
979 756 1103 790 mox
1140 737 1379 790 scientias
1406 745 1607 789 tantum
1633 736 2031 808 philosophicaS,
2072 755 2204 808 quae
2229 744 2492 803 vocantur,

1 833 7 845 ⁴
71 844 195 880 mox
233 843 438 896 quoque
475 823 799 894 theologicas
857 824 1137 890 continent,
1195 824 1394 879 scholae
1419 824 1823 897 polytechuicae,
1864 825 2236 879 commerciales
2272 832 2324 878 et
2361 844 2491 879 oeco-

71 914 325 978 uomicae,
379 910 712 964 iudustriales
722 951 738 976 ,
795 913 1081 965 seminaria
1134 915 1502 985 mayistrorum
1511 953 1529 978 ,
1587 914 1906 981 bsemiuaria
1940 912 2261 967 studiorum“
2274 953 2292 980 ,
2348 911 2491 965 insti-

74 1008 184 1052 tuta
241 1016 336 1071 pro
393 998 571 1070 pueris
627 999 912 1069 superiora,
973 1017 1070 1071 pro
1126 999 1472 1067 surdo-mutis,
1527 1001 1812 1071 superiores
1859 999 2165 1071 puellarum
2222 999 2490 1072 (filiarum)

72 1086 273 1140 scholae
309 1093 404 1138 cet.
445 1094 539 1138 cet.

226 1173 276 1226 3.
325 1171 573 1245 Mayistri
623 1176 850 1227 omm'um
899 1173 1189 1228 scholarum
1232 1174 1568 1246 publicarum
1620 1196 1655 1228 a
1690 1175 1937 1246 quberuio
1974 1176 2313 1228 instituuntur
2350 1175 2496 1228 nulla

75 1279 191 1314 cum
252 1260 543 1317 Ordinariis
600 1260 772 1314 habita
833 1261 1218 1316 deliberatione.
1324 1262 1430 1317 Pro
1492 1263 1800 1335 quibusdam
1859 1262 2050 1316 scholis
2111 1263 2497 1334 magistratibus

82 1347 346 1400 civitatum
398 1368 428 1400 a
465 1349 721 1419 gubernio
753 1350 838 1420 jus
890 1350 1139 1403 tributum
1178 1359 1256 1404 est
1303 1351 1606 1404 nominandi
1642 1350 1919 1422 magistros
1959 1370 1988 1402 a
2026 1350 2279 1421 gubernio
2320 1350 2498 1404 confir-

75 1435 305 1489 mandos.
381 1435 500 1489 Hoc
538 1436 592 1487 in
631 1455 691 1490 eo
729 1437 1049 1508 potissimum
1087 1438 1285 1506 nititur,
1328 1438 1468 1510 quod
1506 1439 1682 1510 agitur
1719 1439 1785 1492 de
1823 1437 2014 1492 scholis
2053 1458 2082 1490 a
2120 1439 2498 1492 communitati-

77 1523 172 1575 bus
229 1522 454 1575 fundatis
511 1531 560 1577 et
615 1524 930 1578 sustentatis,
1003 1525 1303 1597 Antequam
1359 1545 1486 1579 vero
1541 1527 1854 1598 professores
1904 1526 2200 1598 lyceorum,
2260 1526 2496 1597 magistri

74 1609 340 1681 religionis
379 1611 769 1682 gymnasiorum
807 1622 858 1665 et
893 1612 1188 1666 scholarum
1226 1614 1286 1667 iis
1326 1613 1606 1681 similium,
1648 1614 1957 1682 catechetae,
1996 1613 2311 1688 inspectores
2350 1614 2499 1667 scho-

74 1697 242 1750 larum
297 1697 685 1751 elementarium
741 1699 1015 1768 districtUS,
1073 1701 1390 1774 inspectores
1442 1701 1890 1775 paedagogiorum
1943 1721 1971 1754 a
2022 1702 2278 1773 gubernio
2330 1702 2497 1756 nomi-

75 1793 278 1853 nantur,
317 1794 496 1839 votum
537 1787 935 1842 Ordinariorum
975 1791 1287 1862 exposcitur,
1328 1789 1498 1862 quoad
1524 1789 1820 1861 theologiae
1846 1791 2161 1862 professores
2186 1790 2495 1862 praesertim

79 1873 143 1925 de
179 1872 278 1926 fide
316 1881 366 1926 et
403 1874 631 1927 moribus
681 1874 953 1929 candidati.
1029 1876 1405 1950 Episcoporum
1443 1886 1534 1945 est,
1586 1877 1888 1932 missionem
1944 1879 2243 1933 canonicam
2281 1879 2404 1932 dare
2442 1889 2495 1933 et

77 1959 356 2027 retrahere,
395 1961 648 2034 inspicere
685 1962 807 2016 fidei
846 1972 896 2016 et
932 1983 1139 2019 morum
1178 1965 1484 2033 doctrinam,
1541 1965 1698 2018 vitam
1740 1967 1968 2020 omnium
2008 1968 2358 2021 institutorum
2397 1987 2491 2040 pro

74 2047 405 2101 instructione
445 2057 497 2101 et
534 2048 835 2104 educatione
872 2051 1206 2107 fundatorum
1245 2053 1543 2125 religiosam
1583 2055 1859 2108 custodire.
1936 2055 2222 2128 Episcopus
2252 2056 2520 2109 catechis—'

75 2153 214 2187 mum
253 2134 480 2206 aliosque
516 2136 676 2190 libros
714 2138 989 2209 religiosos
1027 2140 1290 2212 designat3
1344 2142 1420 2194 fas
1462 2142 1508 2196 ei
1549 2150 1640 2209 est,
1693 2141 2013 2196 examinibus
2053 2142 2107 2194 in
2146 2143 2488 2215 paedagogiis

74 2222 323 2275 habendis
361 2242 453 2294 per
491 2225 894 2279 commissarium
930 2227 1175 2282 interesse
1213 2237 1279 2295 et,
1333 2248 1463 2301 quae
1501 2230 1598 2283 sibi
1638 2230 1928 2297 videantur,
1967 2230 2224 2301 gubernio
2266 2251 2495 2285 commu-

73 2309 261 2362 nicare.
343 2311 439 2363 Via
477 2312 723 2384 pastorali
774 2314 828 2366 in
866 2316 1141 2386 magistros
1180 2325 1232 2370 et
1268 2317 1471 2370 scholas
1524 2318 1629 2370 vim
1667 2337 1912 2372 exercere
1949 2318 1994 2371 ei
2034 2318 2167 2371 licet.
2244 2318 2325 2373 Ne
2362 2320 2488 2373 haec

74 2396 453 2470 Episcoporum
483 2400 604 2469 jura
640 2399 910 2456 laedantur
946 2402 1062 2475 lege
1101 2404 1355 2458 sancitum
1394 2414 1486 2473 est,
1538 2415 1612 2473 ut,
1651 2407 1695 2459 si
1743 2406 2097 2460 ordinationes
2153 2407 2492 2462 scholasticae

75 2484 250 2555 gravis
286 2487 532 2539 momenti
557 2487 822 2559 religionis
848 2489 1151 2560 doctrinam,
1192 2490 1532 2565 disciplinam,
1573 2513 1744 2548 mores
1773 2503 2141 2548 concernentes
2179 2492 2491 2550 emittendae

77 2571 192 2639 sint,
233 2581 385 2627 antea
423 2573 650 2647 episcopi
687 2575 974 2631 audiantur.

214 2661 264 2712 4.
309 2659 504 2714 Curam
539 2663 831 2717 scholarum
867 2674 1057 2736 gerunt
1093 2665 1413 2739 inspectores
1440 2687 1470 2720 a
1496 2668 1748 2740 gubernio
1777 2669 2092 2722 nominandi.
2168 2669 2273 2724 Pro
2299 2671 2489 2724 scholis

71 2747 377 2817 germanicis
417 2758 671 2803 assu-mtur
722 2769 924 2824 semper
961 2752 1219 2807 districtus
1257 2755 1544 2827 parochus,
1583 2776 1680 2830 pro
1720 2756 1910 2810 scholis
1950 2758 2203 2830 cujusque
2231 2759 2492 2812 districtus

63 2833 321 2904 judicialis
372 2855 504 2889 unus
543 2856 608 2890 ex
645 2839 881 2910 parochis
932 2839 1192 2896 districtus
1227 2834 1519 2897 scholarum
1572 2846 1828 2916 inspector
1868 2845 2154 2899 ordinatur.
2228 2846 2490 2919 Episcopi,

70 2928 128 2973 ut
162 2922 269 2975 fere
306 2922 379 2990 fit,
418 2943 536 2978 suos
576 2922 786 2998 quoque
824 2928 1114 2982 scholarum
1151 2929 1366 2984 decanos
1404 2931 1658 3000 ordinant,
1713 2932 1820 3004 qui,
1878 2932 2046 3004 qualis
2096 2932 2162 2986 sit
2200 2934 2490 2987 scholarum

71 3013 232 3061 status
271 3011 541 3080 quotannis
579 3013 832 3082 referant;
889 3016 1198 3088 plerumque
1235 3018 1407 3084 iidem,
1464 3019 1553 3090 qui
1590 3019 1909 3093 inspectores
1948 3021 2185 3091 gubernii
2225 3030 2368 3088 sunt,
2423 3022 2486 3074 ab

73 3091 362 3150 Ordinariis
398 3098 743 3154 nominantur,
833 3101 1030 3157 Circuli
1066 3105 1320 3175 gubernia
1371 3105 1564 3161 habent
1613 3108 1831 3174 „circuli
1878 3108 2239 3163 scholarclzas“
2280 3095 2484 3180 semPer

70 3198 99 3233 e
147 3181 498 3237 sacerdotibus
538 3185 639 3258 (ex.
677 3207 757 3259 gr.
797 3191 1049 3264 canonici)
1089 3203 1295 3245 sumtos,

216 3272 261 3321 5.
311 3269 470 3323 Pueri
520 3280 572 3325 et
619 3275 819 3345 puellae
857 3296 1019 3349 usque
1056 3279 1121 3332 ad
1163 3281 1343 3332 13tium
1381 3299 1572 3334 annum
1614 3281 1919 3354 completum
1958 3284 2186 3335 scholam
2226 3282 2476 3354 quotidia-

69 3374 204 3423 nam,
256 3375 419 3428 usque
468 3358 532 3410 ad
574 3361 733 3413 16tum
780 3364 1006 3419 scholam
1059 3367 1416 3421 dominicalem
1467 3369 1795 3440 frequentare
1847 3371 2053 3423 debent.
2145 3370 2300 3425 Ultra
2338 3371 2477 3423 hunc

67 3443 342 3497 terminum
382 3446 685 3500 catechesim
721 3459 778 3502 ut
807 3452 1050 3522 juventus
1089 3455 1398 3527 frequentet,
1441 3457 1710 3528 episcopus
1754 3457 1993 3511 ordinare
2029 3464 2223 3528 potest3
2263 3459 2317 3510 in
2341 3477 2476 3527 ,exe-

70 3530 272 3600 quenda
311 3550 435 3586 vero
473 3533 569 3586 hac
609 3535 932 3593 ordinatione
971 3562 1000 3593 a
1038 3541 1245 3595 civitate
1283 3562 1387 3595 non
1425 3544 1715 3614 adjuvatur.

212 3619 261 3675 6.
289 3617 446 3671 Nulla
473 3621 721 3675 sancitum
749 3632 824 3676 est
841 3625 957 3697 lege
982 3627 1136 3697 civili,
1164 3637 1222 3682 ut
1245 3630 1444 3685 scholae
1461 3631 1738 3684 secuudum
1759 3632 2089 3703 confessiones
2108 3631 2476 3700 discernantur,

68 3720 125 3755 re
161 3721 284 3758 vero
323 3724 502 3760 omnes
552 3709 757 3763 scholae
808 3711 1141 3770 elementares
1192 3725 1311 3771 sunt
1349 3718 1741 3772 confessionales
1793 3718 1823 3771 i.
1863 3737 1904 3772 e.
1943 3728 2031 3771 aut
2070 3719 2349 3773 catholicae
2386 3729 2476 3773 aut

69 3790 406 3860 evangelicae.
493 3794 598 3850 Pro
649 3797 837 3851 scholis
889 3800 1084 3874 aliquot
1133 3805 1324 3872 latinis,
1371 3807 1658 3879 gymnasiis
1709 3814 1804 3859 cet.
1845 3806 1928 3859 hic
1967 3807 2231 3859 character
2269 3807 2323 3860 in
2361 3807 2473 3879 ipsa

67 3874 368 3933 fundatione
433 3881 669 3956 (statuto)
733 3884 946 3956 nititur3
1014 3889 1086 3943 ita
1149 3892 1456 3947 catholicum
1521 3902 1600 3948 est
1667 3894 2000 3967 gymnasium
2072 3892 2154 3948 Sti
2221 3893 2474 3967 Stephani

2099 4011 2124 4055 7
