<?xml version="1.0" encoding="UTF-8"?>
<!DOCTYPE html PUBLIC "-//W3C//DTD XHTML 1.0 Transitional//EN"
    "http://www.w3.org/TR/xhtml1/DTD/xhtml1-transitional.dtd">
<html xmlns="http://www.w3.org/1999/xhtml" xml:lang="en" lang="en">
 <head>
  <title>
</title>
<meta http-equiv="Content-Type" content="text/html;charset=utf-8" />
  <meta name='ocr-system' content='tesseract 3.04.00' />
  <meta name='ocr-capabilities' content='ocr_page ocr_carea ocr_par ocr_line ocrx_word'/>
</head>
<body>
  <div class='ocr_page' id='page_1' title='image "a608058900schuuoft_0144.png"; bbox 0 0 2670 4126; ppageno 0'>
   <div class='ocr_carea' id='block_1_1' title="bbox 232 141 314 196">
    <p class='ocr_par' dir='ltr' id='par_1_1' title="bbox 232 141 314 196">
     <span class='ocr_line' id='line_1_1' title="bbox 232 141 314 196; baseline 0 -1"><span class='ocrx_word' id='word_1_1' title='bbox 232 141 314 196; x_wconf 72' lang='grc'><strong>132</strong></span> 
     </span>
    </p>
   </div>
   <div class='ocr_carea' id='block_1_2' title="bbox 231 280 2634 360">
    <p class='ocr_par' dir='ltr' id='par_1_2' title="bbox 231 280 2634 360">
     <span class='ocr_line' id='line_1_2' title="bbox 231 280 2634 360; baseline 0.003 -25"><span class='ocrx_word' id='word_1_2' title='bbox 231 282 530 353; x_wconf 80' lang='lat' dir='ltr'><strong>solvuntur3</strong></span> <span class='ocrx_word' id='word_1_3' title='bbox 587 283 630 335; x_wconf 88' lang='lat' dir='ltr'><strong>si</strong></span> <span class='ocrx_word' id='word_1_4' title='bbox 682 300 803 334; x_wconf 88' lang='lat' dir='ltr'><strong>vero</strong></span> <span class='ocrx_word' id='word_1_5' title='bbox 855 280 1076 353; x_wconf 81' lang='lat' dir='ltr'><strong>simplex</strong></span> <span class='ocrx_word' id='word_1_6' title='bbox 1117 280 1318 336; x_wconf 86' lang='lat' dir='ltr'><strong>Canon.</strong></span> <span class='ocrx_word' id='word_1_7' title='bbox 1370 283 1536 355; x_wconf 80' lang='lat' dir='ltr'>Capit.</span> <span class='ocrx_word' id='word_1_8' title='bbox 1589 285 1659 337; x_wconf 90' lang='lat' dir='ltr'><strong>ad</strong></span> <span class='ocrx_word' id='word_1_9' title='bbox 1708 284 1806 336; x_wconf 88' lang='lat' dir='ltr'><strong>hoc</strong></span> <span class='ocrx_word' id='word_1_10' title='bbox 1854 297 2038 338; x_wconf 87' lang='lat' dir='ltr'><strong>munus</strong></span> <span class='ocrx_word' id='word_1_11' title='bbox 2089 287 2412 360; x_wconf 86' lang='lat' dir='ltr'><strong>designatur,</strong></span> <span class='ocrx_word' id='word_1_12' title='bbox 2470 285 2634 344; x_wconf 88' lang='lat' dir='ltr'><strong>eidem</strong></span> 
     </span>
    </p>
   </div>
   <div class='ocr_carea' id='block_1_3' title="bbox 231 369 2637 528">
    <p class='ocr_par' dir='ltr' id='par_1_3' title="bbox 231 369 2637 528">
     <span class='ocr_line' id='line_1_3' title="bbox 232 369 2637 450; baseline 0.004 -28"><span class='ocrx_word' id='word_1_13' title='bbox 232 370 346 428; x_wconf 81' lang='lat' dir='ltr'><strong>flor.</strong></span> <span class='ocrx_word' id='word_1_14' title='bbox 407 371 546 423; x_wconf 93' lang='grc'>1700</span> <span class='ocrx_word' id='word_1_15' title='bbox 602 376 937 439; x_wconf 83' lang='lat' dir='ltr'>augmentum</span> <span class='ocrx_word' id='word_1_16' title='bbox 993 369 1303 422; x_wconf 81' lang='lat' dir='ltr'><strong>attribuitur.</strong></span> <span class='ocrx_word' id='word_1_17' title='bbox 1406 371 1762 425; x_wconf 55' lang='lat' dir='ltr'><strong>Cancellamae</strong></span> <span class='ocrx_word' id='word_1_18' title='bbox 1823 374 1970 443; x_wconf 76' lang='lat' dir='ltr'><strong>episc,</strong></span> <span class='ocrx_word' id='word_1_19' title='bbox 2031 376 2171 427; x_wconf 88' lang='grc'><strong>6916</strong></span> <span class='ocrx_word' id='word_1_20' title='bbox 2230 376 2415 430; x_wconf 87' lang='lat' dir='ltr'><strong>dantur</strong></span> <span class='ocrx_word' id='word_1_21' title='bbox 2474 377 2637 450; x_wconf 88' lang='lat' dir='ltr'><strong>(bulla</strong></span> 
     </span>
     <span class='ocr_line' id='line_1_4' title="bbox 231 457 565 528; baseline -0.006 -18"><span class='ocrx_word' id='word_1_22' title='bbox 231 457 565 528; x_wconf 80' lang='lat' dir='ltr'><strong>„Provida“).</strong></span> 
     </span>
    </p>
   </div>
   <div class='ocr_carea' id='block_1_4' title="bbox 228 564 2638 898">
    <p class='ocr_par' dir='ltr' id='par_1_4' title="bbox 228 564 2638 898">
     <span class='ocr_line' id='line_1_5' title="bbox 373 564 2636 636; baseline 0.002 -16"><span class='ocrx_word' id='word_1_23' title='bbox 373 565 570 620; x_wconf 84' lang='lat' dir='ltr'><strong>Causae</strong></span> <span class='ocrx_word' id='word_1_24' title='bbox 601 564 872 634; x_wconf 86' lang='lat' dir='ltr'><strong>judiciales</strong></span> <span class='ocrx_word' id='word_1_25' title='bbox 912 564 976 616; x_wconf 89' lang='lat' dir='ltr'><strong>ab</strong></span> <span class='ocrx_word' id='word_1_26' title='bbox 1016 564 1351 621; x_wconf 88' lang='lat' dir='ltr'><strong>Ordinariatu</strong></span> <span class='ocrx_word' id='word_1_27' title='bbox 1390 566 1746 636; x_wconf 78' lang='lat' dir='ltr'>dijudicantur.</span> <span class='ocrx_word' id='word_1_28' title='bbox 1822 568 1980 620; x_wconf 93' lang='lat' dir='ltr'><strong>Anno</strong></span> <span class='ocrx_word' id='word_1_29' title='bbox 2023 571 2160 623; x_wconf 97' lang='grc'>1862</span> <span class='ocrx_word' id='word_1_30' title='bbox 2210 590 2370 623; x_wconf 76' lang='lat' dir='ltr'><strong>unum</strong></span> <span class='ocrx_word' id='word_1_31' title='bbox 2417 573 2636 626; x_wconf 87' lang='lat' dir='ltr'><strong>matrim.</strong></span> 
     </span>
     <span class='ocr_line' id='line_1_6' title="bbox 232 643 2638 728; baseline 0.002 -21"><span class='ocrx_word' id='word_1_32' title='bbox 232 655 354 725; x_wconf 87' lang='lat' dir='ltr'><strong>(„ex</strong></span> <span class='ocrx_word' id='word_1_33' title='bbox 393 651 564 705; x_wconf 86' lang='lat' dir='ltr'><strong>multis</strong></span> <span class='ocrx_word' id='word_1_34' title='bbox 603 651 752 703; x_wconf 88' lang='lat' dir='ltr'><strong>annis</strong></span> <span class='ocrx_word' id='word_1_35' title='bbox 790 652 987 723; x_wconf 91' lang='lat' dir='ltr'><strong>primus</strong></span> <span class='ocrx_word' id='word_1_36' title='bbox 1026 654 1231 722; x_wconf 82' lang='lat' dir='ltr'><strong>casus“)</strong></span> <span class='ocrx_word' id='word_1_37' title='bbox 1288 653 1490 705; x_wconf 90' lang='lat' dir='ltr'><strong>nullum</strong></span> <span class='ocrx_word' id='word_1_38' title='bbox 1530 643 1626 706; x_wconf 86' lang='lat' dir='ltr'><strong>fuit</strong></span> <span class='ocrx_word' id='word_1_39' title='bbox 1663 655 2006 722; x_wconf 90' lang='lat' dir='ltr'><strong>declaratum,</strong></span> <span class='ocrx_word' id='word_1_40' title='bbox 2070 659 2132 710; x_wconf 84' lang='lat'><strong>12</strong></span> <span class='ocrx_word' id='word_1_41' title='bbox 2173 675 2278 728; x_wconf 89' lang='lat' dir='ltr'><strong>sep.</strong></span> <span class='ocrx_word' id='word_1_42' title='bbox 2318 678 2348 710; x_wconf 90' lang='lat' dir='ltr'><strong>a</strong></span> <span class='ocrx_word' id='word_1_43' title='bbox 2397 659 2548 713; x_wconf 90' lang='lat' dir='ltr'><strong>thoro</strong></span> <span class='ocrx_word' id='word_1_44' title='bbox 2586 670 2638 714; x_wconf 87' lang='lat' dir='ltr'><strong>et</strong></span> 
     </span>
     <span class='ocr_line' id='line_1_7' title="bbox 229 738 2636 815; baseline 0.003 -23"><span class='ocrx_word' id='word_1_45' title='bbox 229 759 403 793; x_wconf 91' lang='lat' dir='ltr'><strong>mensa</strong></span> <span class='ocrx_word' id='word_1_46' title='bbox 441 758 731 793; x_wconf 83' lang='lat' dir='ltr'><strong>concessae.</strong></span> <span class='ocrx_word' id='word_1_47' title='bbox 806 738 1099 811; x_wconf 87' lang='lat' dir='ltr'><strong>Episcopus</strong></span> <span class='ocrx_word' id='word_1_48' title='bbox 1137 759 1201 792; x_wconf 86' lang='lat' dir='ltr'><strong>ex</strong></span> <span class='ocrx_word' id='word_1_49' title='bbox 1242 739 1569 810; x_wconf 82' lang='lat' dir='ltr'><strong>delegatione</strong></span> <span class='ocrx_word' id='word_1_50' title='bbox 1606 750 1765 813; x_wconf 81' lang='lat' dir='ltr'><strong>apost.</strong></span> <span class='ocrx_word' id='word_1_51' title='bbox 1804 743 1857 794; x_wconf 91' lang='lat' dir='ltr'><strong>in</strong></span> <span class='ocrx_word' id='word_1_52' title='bbox 1897 744 1990 796; x_wconf 82' lang='lat' dir='ltr'><strong>2da</strong></span> <span class='ocrx_word' id='word_1_53' title='bbox 2027 743 2143 796; x_wconf 88' lang='lat' dir='ltr'><strong>inst.</strong></span> <span class='ocrx_word' id='word_1_54' title='bbox 2172 745 2438 815; x_wconf 83' lang='lat' dir='ltr'><strong>cognoscit</strong></span> <span class='ocrx_word' id='word_1_55' title='bbox 2462 764 2636 800; x_wconf 79' lang='lat' dir='ltr'><strong>causas</strong></span> 
     </span>
     <span class='ocr_line' id='line_1_8' title="bbox 228 825 2137 898; baseline 0.002 -19"><span class='ocrx_word' id='word_1_56' title='bbox 228 827 291 879; x_wconf 92' lang='lat' dir='ltr'><strong>ab</strong></span> <span class='ocrx_word' id='word_1_57' title='bbox 330 825 740 898; x_wconf 88' lang='lat' dir='ltr'><strong>Archiepiscopo</strong></span> <span class='ocrx_word' id='word_1_58' title='bbox 778 825 1022 897; x_wconf 89' lang='lat' dir='ltr'><strong>Friburg.</strong></span> <span class='ocrx_word' id='word_1_59' title='bbox 1062 847 1100 879; x_wconf 89' lang='lat' dir='ltr'><strong>S.</strong></span> <span class='ocrx_word' id='word_1_60' title='bbox 1140 825 1251 878; x_wconf 92' lang='lat' dir='ltr'><strong>Vic.</strong></span> <span class='ocrx_word' id='word_1_61' title='bbox 1292 826 1441 897; x_wconf 89' lang='lat' dir='ltr'><strong>capit.</strong></span> <span class='ocrx_word' id='word_1_62' title='bbox 1479 826 1533 878; x_wconf 90' lang='lat' dir='ltr'><strong>in</strong></span> <span class='ocrx_word' id='word_1_63' title='bbox 1573 828 1678 879; x_wconf 86' lang='lat' dir='ltr'><strong>1ma</strong></span> <span class='ocrx_word' id='word_1_64' title='bbox 1716 829 1833 882; x_wconf 89' lang='lat' dir='ltr'><strong>inst.</strong></span> <span class='ocrx_word' id='word_1_65' title='bbox 1865 829 2137 898; x_wconf 79' lang='lat' dir='ltr'><strong>judicatas,</strong></span> 
     </span>
    </p>
   </div>
   <div class='ocr_carea' id='block_1_5' title="bbox 369 941 1699 1016">
    <p class='ocr_par' dir='ltr' id='par_1_5' title="bbox 369 941 1699 1016">
     <span class='ocr_line' id='line_1_9' title="bbox 369 941 1699 1016; baseline 0.002 -22"><span class='ocrx_word' id='word_1_66' title='bbox 369 941 470 995; x_wconf 94' lang='lat' dir='ltr'><strong>IX.</strong></span> <span class='ocrx_word' id='word_1_67' title='bbox 527 941 607 995; x_wconf 84' lang='lat' dir='ltr'><strong>De</strong></span> <span class='ocrx_word' id='word_1_68' title='bbox 644 942 786 996; x_wconf 75' lang='lat' dir='ltr'><strong>bonis</strong></span> <span class='ocrx_word' id='word_1_69' title='bbox 821 942 1168 996; x_wconf 77' lang='lat' dir='ltr'><strong>ecclesiasticis</strong></span> <span class='ocrx_word' id='word_1_70' title='bbox 1206 942 1347 1014; x_wconf 78' lang='lat' dir='ltr'><strong>(vide</strong></span> <span class='ocrx_word' id='word_1_71' title='bbox 1385 961 1524 998; x_wconf 90' lang='lat' dir='ltr'><strong>num.</strong></span> <span class='ocrx_word' id='word_1_72' title='bbox 1565 943 1699 1016; x_wconf 90' lang='lat' dir='ltr'><strong>VI):</strong></span> 
     </span>
    </p>
   </div>
   <div class='ocr_carea' id='block_1_6' title="bbox 224 1049 2641 1560">
    <p class='ocr_par' dir='ltr' id='par_1_6' title="bbox 224 1049 2641 1560">
     <span class='ocr_line' id='line_1_10' title="bbox 371 1049 2640 1126; baseline 0.003 -22"><span class='ocrx_word' id='word_1_73' title='bbox 371 1071 416 1104; x_wconf 88' lang='lat' dir='ltr'><strong>a.</strong></span> <span class='ocrx_word' id='word_1_74' title='bbox 483 1050 702 1104; x_wconf 74' lang='lat' dir='ltr'><strong>Fructus</strong></span> <span class='ocrx_word' id='word_1_75' title='bbox 753 1051 1090 1104; x_wconf 73' lang='lat' dir='ltr'><strong>intercalares</strong></span> <span class='ocrx_word' id='word_1_76' title='bbox 1146 1049 1375 1104; x_wconf 82' lang='lat' dir='ltr'><strong>deductis</strong></span> <span class='ocrx_word' id='word_1_77' title='bbox 1431 1051 1885 1106; x_wconf 87' lang='lat' dir='ltr'><strong>administrationis</strong></span> <span class='ocrx_word' id='word_1_78' title='bbox 1949 1054 2188 1126; x_wconf 85' lang='lat' dir='ltr'><strong>expensis</strong></span> <span class='ocrx_word' id='word_1_79' title='bbox 2243 1055 2298 1106; x_wconf 93' lang='lat' dir='ltr'><strong>in</strong></span> <span class='ocrx_word' id='word_1_80' title='bbox 2368 1055 2640 1124; x_wconf 64' lang='lat' dir='ltr'><strong>„Fundam</strong></span> 
     </span>
     <span class='ocr_line' id='line_1_11' title="bbox 229 1137 2639 1214; baseline 0.001 -22"><span class='ocrx_word' id='word_1_81' title='bbox 229 1139 526 1192; x_wconf 73' lang='lat' dir='ltr'><strong>intercalar.</strong></span> <span class='ocrx_word' id='word_1_82' title='bbox 562 1138 884 1210; x_wconf 74' lang='lat' dir='ltr'><strong>qeneralem“</strong></span> <span class='ocrx_word' id='word_1_83' title='bbox 924 1145 1212 1191; x_wconf 88' lang='lat' dir='ltr'><strong>vertuntur.</strong></span> <span class='ocrx_word' id='word_1_84' title='bbox 1285 1137 1390 1190; x_wconf 91' lang='lat' dir='ltr'><strong>Hic</strong></span> <span class='ocrx_word' id='word_1_85' title='bbox 1427 1139 1615 1191; x_wconf 89' lang='lat' dir='ltr'><strong>fundus</strong></span> <span class='ocrx_word' id='word_1_86' title='bbox 1655 1139 1939 1192; x_wconf 89' lang='lat' dir='ltr'><strong>destinatus</strong></span> <span class='ocrx_word' id='word_1_87' title='bbox 1967 1149 2046 1194; x_wconf 92' lang='lat' dir='ltr'><strong>est</strong></span> <span class='ocrx_word' id='word_1_88' title='bbox 2068 1140 2158 1194; x_wconf 91' lang='lat' dir='ltr'><strong>ad:</strong></span> <span class='ocrx_word' id='word_1_89' title='bbox 2219 1144 2270 1213; x_wconf 92' lang='lat'><strong>1)</strong></span> <span class='ocrx_word' id='word_1_90' title='bbox 2297 1142 2639 1214; x_wconf 87' lang='lat' dir='ltr'><strong>supplendam</strong></span> 
     </span>
     <span class='ocr_line' id='line_1_12' title="bbox 227 1225 2641 1298; baseline 0.002 -20"><span class='ocrx_word' id='word_1_91' title='bbox 227 1226 479 1278; x_wconf 88' lang='lat' dir='ltr'><strong>minorem</strong></span> <span class='ocrx_word' id='word_1_92' title='bbox 515 1225 863 1298; x_wconf 87' lang='lat' dir='ltr'><strong>parochorum</strong></span> <span class='ocrx_word' id='word_1_93' title='bbox 904 1243 1214 1295; x_wconf 82' lang='lat' dir='ltr'><strong>congruam3</strong></span> <span class='ocrx_word' id='word_1_94' title='bbox 1273 1225 1329 1296; x_wconf 88' lang='lat'><strong>2)</strong></span> <span class='ocrx_word' id='word_1_95' title='bbox 1371 1225 1679 1278; x_wconf 88' lang='lat' dir='ltr'><strong>beneficiatis</strong></span> <span class='ocrx_word' id='word_1_96' title='bbox 1730 1227 1910 1279; x_wconf 90' lang='lat' dir='ltr'><strong>morbo</strong></span> <span class='ocrx_word' id='word_1_97' title='bbox 1961 1228 2042 1280; x_wconf 87' lang='lat' dir='ltr'><strong>vel</strong></span> <span class='ocrx_word' id='word_1_98' title='bbox 2091 1236 2352 1281; x_wconf 87' lang='lat' dir='ltr'><strong>senectute</strong></span> <span class='ocrx_word' id='word_1_99' title='bbox 2401 1229 2641 1283; x_wconf 86' lang='lat' dir='ltr'><strong>laboran-</strong></span> 
     </span>
     <span class='ocr_line' id='line_1_13' title="bbox 224 1311 2638 1386; baseline 0.002 -21"><span class='ocrx_word' id='word_1_100' title='bbox 224 1313 361 1367; x_wconf 89' lang='lat' dir='ltr'><strong>tibus</strong></span> <span class='ocrx_word' id='word_1_101' title='bbox 401 1332 490 1380; x_wconf 88' lang='lat' dir='ltr'><strong>ea,</strong></span> <span class='ocrx_word' id='word_1_102' title='bbox 548 1312 733 1384; x_wconf 90' lang='lat' dir='ltr'><strong>quibus</strong></span> <span class='ocrx_word' id='word_1_103' title='bbox 771 1311 836 1364; x_wconf 93' lang='lat' dir='ltr'><strong>ad</strong></span> <span class='ocrx_word' id='word_1_104' title='bbox 888 1311 1221 1364; x_wconf 89' lang='lat' dir='ltr'><strong>assumendos</strong></span> <span class='ocrx_word' id='word_1_105' title='bbox 1271 1312 1472 1364; x_wconf 87' lang='lat' dir='ltr'><strong>vicariis</strong></span> <span class='ocrx_word' id='word_1_106' title='bbox 1523 1313 1784 1383; x_wconf 86' lang='lat' dir='ltr'><strong>indigent,</strong></span> <span class='ocrx_word' id='word_1_107' title='bbox 1839 1314 2172 1386; x_wconf 82' lang='lat' dir='ltr'><strong>praestanda3</strong></span> <span class='ocrx_word' id='word_1_108' title='bbox 2231 1315 2287 1384; x_wconf 86' lang='lat'><strong>3)</strong></span> <span class='ocrx_word' id='word_1_109' title='bbox 2338 1315 2638 1370; x_wconf 85' lang='lat' dir='ltr'><strong>ordinandis</strong></span> 
     </span>
     <span class='ocr_line' id='line_1_14' title="bbox 227 1399 2640 1476; baseline 0.001 -23"><span class='ocrx_word' id='word_1_110' title='bbox 227 1400 436 1454; x_wconf 87' lang='lat' dir='ltr'><strong>titulum</strong></span> <span class='ocrx_word' id='word_1_111' title='bbox 473 1418 682 1454; x_wconf 87' lang='lat' dir='ltr'><strong>mensae</strong></span> <span class='ocrx_word' id='word_1_112' title='bbox 719 1399 1105 1471; x_wconf 85' lang='lat' dir='ltr'><strong>p1·aebend·um;</strong></span> <span class='ocrx_word' id='word_1_113' title='bbox 1163 1401 1218 1468; x_wconf 90' lang='lat'><strong>4)</strong></span> <span class='ocrx_word' id='word_1_114' title='bbox 1260 1418 1436 1453; x_wconf 87' lang='lat' dir='ltr'><strong>omnes</strong></span> <span class='ocrx_word' id='word_1_115' title='bbox 1475 1419 1555 1452; x_wconf 87' lang='lat' dir='ltr'><strong>res</strong></span> <span class='ocrx_word' id='word_1_116' title='bbox 1595 1400 1837 1454; x_wconf 82' lang='lat' dir='ltr'><strong>ecclesiae</strong></span> <span class='ocrx_word' id='word_1_117' title='bbox 1875 1401 2183 1455; x_wconf 87' lang='lat' dir='ltr'><strong>necessarias</strong></span> <span class='ocrx_word' id='word_1_118' title='bbox 2221 1402 2640 1476; x_wconf 73' lang='lat' dir='ltr'><strong>suppeditandaS,</strong></span> 
     </span>
     <span class='ocr_line' id='line_1_15' title="bbox 226 1486 1312 1560; baseline -0.002 -19"><span class='ocrx_word' id='word_1_119' title='bbox 226 1488 411 1560; x_wconf 88' lang='lat' dir='ltr'><strong>quibus</strong></span> <span class='ocrx_word' id='word_1_120' title='bbox 450 1487 553 1542; x_wconf 91' lang='lat' dir='ltr'><strong>alio</strong></span> <span class='ocrx_word' id='word_1_121' title='bbox 590 1487 743 1541; x_wconf 87' lang='lat' dir='ltr'><strong>modo</strong></span> <span class='ocrx_word' id='word_1_122' title='bbox 779 1486 1039 1558; x_wconf 89' lang='lat' dir='ltr'><strong>provideri</strong></span> <span class='ocrx_word' id='word_1_123' title='bbox 1075 1494 1312 1558; x_wconf 89' lang='lat' dir='ltr'><strong>nequeat.</strong></span> 
     </span>
    </p>
   </div>
   <div class='ocr_carea' id='block_1_7' title="bbox 226 1588 2638 1834">
    <p class='ocr_par' dir='ltr' id='par_1_7' title="bbox 226 1588 2638 1834">
     <span class='ocr_line' id='line_1_16' title="bbox 307 1588 2638 1660; baseline 0.001 -18"><span class='ocrx_word' id='word_1_124' title='bbox 307 1603 317 1618; x_wconf 80' lang='lat'><strong><em>⁴</em></strong></span> <span class='ocrx_word' id='word_1_125' title='bbox 371 1591 420 1642; x_wconf 90' lang='lat' dir='ltr'><strong>b.</strong></span> <span class='ocrx_word' id='word_1_126' title='bbox 487 1589 703 1642; x_wconf 78' lang='lat' dir='ltr'><strong>Tributa</strong></span> <span class='ocrx_word' id='word_1_127' title='bbox 741 1588 904 1642; x_wconf 89' lang='lat' dir='ltr'><strong>omnis</strong></span> <span class='ocrx_word' id='word_1_128' title='bbox 943 1588 1153 1658; x_wconf 69' lang='lat' dir='ltr'><strong>generis</strong></span> <span class='ocrx_word' id='word_1_129' title='bbox 1182 1588 1401 1659; x_wconf 72' lang='lat' dir='ltr'><strong>publica</strong></span> <span class='ocrx_word' id='word_1_130' title='bbox 1440 1598 1540 1640; x_wconf 86' lang='lat' dir='ltr'><strong>tam</strong></span> <span class='ocrx_word' id='word_1_131' title='bbox 1598 1608 1628 1641; x_wconf 90' lang='lat' dir='ltr'><strong>a</strong></span> <span class='ocrx_word' id='word_1_132' title='bbox 1678 1589 1987 1642; x_wconf 86' lang='lat' dir='ltr'><strong>beneficiatis</strong></span> <span class='ocrx_word' id='word_1_133' title='bbox 2041 1609 2194 1660; x_wconf 88' lang='lat' dir='ltr'><strong>quam</strong></span> <span class='ocrx_word' id='word_1_134' title='bbox 2247 1610 2277 1642; x_wconf 91' lang='lat' dir='ltr'><strong>a</strong></span> <span class='ocrx_word' id='word_1_135' title='bbox 2327 1591 2534 1644; x_wconf 87' lang='lat' dir='ltr'><strong>fabricis</strong></span> <span class='ocrx_word' id='word_1_136' title='bbox 2587 1600 2638 1644; x_wconf 89' lang='lat' dir='ltr'><strong>et</strong></span> 
     </span>
     <span class='ocr_line' id='line_1_17' title="bbox 226 1675 2635 1748; baseline 0.001 -20"><span class='ocrx_word' id='word_1_137' title='bbox 226 1676 612 1729; x_wconf 88' lang='lat' dir='ltr'><strong>fundationibus</strong></span> <span class='ocrx_word' id='word_1_138' title='bbox 652 1675 1008 1729; x_wconf 86' lang='lat' dir='ltr'><strong>ecclesiasticis</strong></span> <span class='ocrx_word' id='word_1_139' title='bbox 1048 1675 1330 1727; x_wconf 90' lang='lat' dir='ltr'><strong>secundum</strong></span> <span class='ocrx_word' id='word_1_140' title='bbox 1369 1675 1510 1747; x_wconf 90' lang='lat' dir='ltr'><strong>leges</strong></span> <span class='ocrx_word' id='word_1_141' title='bbox 1547 1676 1861 1748; x_wconf 86' lang='lat' dir='ltr'><strong>reipublicae</strong></span> <span class='ocrx_word' id='word_1_142' title='bbox 1898 1677 2163 1747; x_wconf 86' lang='lat' dir='ltr'><strong>generales</strong></span> <span class='ocrx_word' id='word_1_143' title='bbox 2202 1687 2323 1730; x_wconf 88' lang='lat' dir='ltr'><strong>sunt</strong></span> <span class='ocrx_word' id='word_1_144' title='bbox 2361 1678 2635 1746; x_wconf 80' lang='lat' dir='ltr'><strong>solvenda3</strong></span> 
     </span>
     <span class='ocr_line' id='line_1_18' title="bbox 227 1762 1810 1834; baseline 0.001 -19"><span class='ocrx_word' id='word_1_145' title='bbox 227 1763 431 1816; x_wconf 90' lang='lat' dir='ltr'><strong>tributis</strong></span> <span class='ocrx_word' id='word_1_146' title='bbox 470 1762 818 1834; x_wconf 81' lang='lat' dir='ltr'><strong>singularibus</strong></span> <span class='ocrx_word' id='word_1_147' title='bbox 855 1762 1099 1815; x_wconf 87' lang='lat' dir='ltr'><strong>ecclesiae</strong></span> <span class='ocrx_word' id='word_1_148' title='bbox 1139 1763 1270 1814; x_wconf 89' lang='lat' dir='ltr'><strong>bona</strong></span> <span class='ocrx_word' id='word_1_149' title='bbox 1307 1781 1414 1816; x_wconf 89' lang='lat' dir='ltr'><strong>non</strong></span> <span class='ocrx_word' id='word_1_150' title='bbox 1454 1762 1810 1833; x_wconf 87' lang='lat' dir='ltr'><strong>subjiciuntur.</strong></span> 
     </span>
    </p>
   </div>
   <div class='ocr_carea' id='block_1_8' title="bbox 230 1871 2636 2030">
    <p class='ocr_par' dir='ltr' id='par_1_8' title="bbox 230 1871 2636 2030">
     <span class='ocr_line' id='line_1_19' title="bbox 372 1871 2636 1945; baseline 0.001 -21"><span class='ocrx_word' id='word_1_151' title='bbox 372 1891 412 1925; x_wconf 89' lang='lat' dir='ltr'><strong>c.</strong></span> <span class='ocrx_word' id='word_1_152' title='bbox 477 1871 692 1925; x_wconf 63' lang='lat' dir='ltr'><strong>Tributa</strong></span> <span class='ocrx_word' id='word_1_153' title='bbox 730 1871 1064 1925; x_wconf 76' lang='lat' dir='ltr'><strong>ecclesiastica</strong></span> <span class='ocrx_word' id='word_1_154' title='bbox 1114 1871 1257 1923; x_wconf 88' lang='lat' dir='ltr'><strong>nulla</strong></span> <span class='ocrx_word' id='word_1_155' title='bbox 1305 1871 1545 1925; x_wconf 80' lang='lat' dir='ltr'><strong>existunt.</strong></span> <span class='ocrx_word' id='word_1_156' title='bbox 1621 1871 1780 1925; x_wconf 84' lang='lat' dir='ltr'><strong>Curia</strong></span> <span class='ocrx_word' id='word_1_157' title='bbox 1829 1872 2130 1945; x_wconf 87' lang='lat' dir='ltr'><strong>episcopalis</strong></span> <span class='ocrx_word' id='word_1_158' title='bbox 2180 1873 2348 1926; x_wconf 86' lang='lat' dir='ltr'><strong>nullas</strong></span> <span class='ocrx_word' id='word_1_159' title='bbox 2396 1881 2543 1927; x_wconf 89' lang='lat' dir='ltr'><strong>taxas</strong></span> <span class='ocrx_word' id='word_1_160' title='bbox 2598 1893 2636 1927; x_wconf 75' lang='lat' dir='ltr'><strong>S.</strong></span> 
     </span>
     <span class='ocr_line' id='line_1_20' title="bbox 230 1958 1436 2030; baseline -0.002 -18"><span class='ocrx_word' id='word_1_161' title='bbox 230 1960 454 2026; x_wconf 83' lang='lat' dir='ltr'><strong>tributa,</strong></span> <span class='ocrx_word' id='word_1_162' title='bbox 492 1966 770 2030; x_wconf 89' lang='lat' dir='ltr'><strong>utcumque</strong></span> <span class='ocrx_word' id='word_1_163' title='bbox 808 1958 1164 2024; x_wconf 87' lang='lat' dir='ltr'><strong>nominentur,</strong></span> <span class='ocrx_word' id='word_1_164' title='bbox 1202 1959 1436 2030; x_wconf 84' lang='lat' dir='ltr'><strong>percipit.</strong></span> 
     </span>
    </p>
   </div>
   <div class='ocr_carea' id='block_1_9' title="bbox 230 2066 2638 2745">
    <p class='ocr_par' dir='ltr' id='par_1_9' title="bbox 230 2066 2638 2745">
     <span class='ocr_line' id='line_1_21' title="bbox 374 2066 2636 2140; baseline 0 -20"><span class='ocrx_word' id='word_1_165' title='bbox 374 2068 422 2121; x_wconf 93' lang='lat' dir='ltr'><strong>d.</strong></span> <span class='ocrx_word' id='word_1_166' title='bbox 462 2067 676 2124; x_wconf 86' lang='lat' dir='ltr'><strong>Summa</strong></span> <span class='ocrx_word' id='word_1_167' title='bbox 714 2067 886 2120; x_wconf 91' lang='lat' dir='ltr'><strong>totalis</strong></span> <span class='ocrx_word' id='word_1_168' title='bbox 924 2067 1175 2139; x_wconf 90' lang='lat' dir='ltr'><strong>pecuniae</strong></span> <span class='ocrx_word' id='word_1_169' title='bbox 1214 2066 1495 2119; x_wconf 88' lang='lat' dir='ltr'><strong>secundum</strong></span> <span class='ocrx_word' id='word_1_170' title='bbox 1536 2067 1723 2119; x_wconf 91' lang='lat' dir='ltr'><strong>bullam</strong></span> <span class='ocrx_word' id='word_1_171' title='bbox 1764 2067 2053 2132; x_wconf 84' lang='lat' dir='ltr'><strong>„Provida“</strong></span> <span class='ocrx_word' id='word_1_172' title='bbox 2096 2067 2160 2120; x_wconf 92' lang='lat' dir='ltr'><strong>ab</strong></span> <span class='ocrx_word' id='word_1_173' title='bbox 2197 2068 2392 2120; x_wconf 88' lang='lat' dir='ltr'><strong>aerario</strong></span> <span class='ocrx_word' id='word_1_174' title='bbox 2427 2068 2636 2140; x_wconf 92' lang='lat' dir='ltr'><strong>publico</strong></span> 
     </span>
     <span class='ocr_line' id='line_1_22' title="bbox 231 2153 2637 2229; baseline -0.001 -19"><span class='ocrx_word' id='word_1_175' title='bbox 231 2155 546 2229; x_wconf 90' lang='lat' dir='ltr'><strong>episcopatui</strong></span> <span class='ocrx_word' id='word_1_176' title='bbox 585 2156 704 2227; x_wconf 85' lang='lat' dir='ltr'><strong>(pro</strong></span> <span class='ocrx_word' id='word_1_177' title='bbox 739 2173 916 2208; x_wconf 90' lang='lat' dir='ltr'><strong>mensa</strong></span> <span class='ocrx_word' id='word_1_178' title='bbox 955 2154 1124 2227; x_wconf 90' lang='lat' dir='ltr'><strong>episc.,</strong></span> <span class='ocrx_word' id='word_1_179' title='bbox 1165 2154 1419 2226; x_wconf 87' lang='lat' dir='ltr'><strong>capitulo,</strong></span> <span class='ocrx_word' id='word_1_180' title='bbox 1459 2153 1735 2207; x_wconf 87' lang='lat' dir='ltr'><strong>seminario</strong></span> <span class='ocrx_word' id='word_1_181' title='bbox 1775 2155 1953 2225; x_wconf 88' lang='grc'>(8.092</span> <span class='ocrx_word' id='word_1_182' title='bbox 1991 2154 2064 2224; x_wconf 90' lang='grc' dir='ltr'><strong>Η.)</strong></span> <span class='ocrx_word' id='word_1_183' title='bbox 2105 2163 2201 2208; x_wconf 87' lang='lat' dir='ltr'><strong>cet.</strong></span> <span class='ocrx_word' id='word_1_184' title='bbox 2242 2163 2319 2208; x_wconf 91' lang='lat' dir='ltr'><strong>est</strong></span> <span class='ocrx_word' id='word_1_185' title='bbox 2354 2156 2549 2208; x_wconf 83' lang='lat'><strong>49.422</strong></span> <span class='ocrx_word' id='word_1_186' title='bbox 2586 2155 2637 2208; x_wconf 89' lang='lat' dir='ltr'><strong>fl.</strong></span> 
     </span>
     <span class='ocr_line' id='line_1_23' title="bbox 230 2241 2636 2315; baseline 0 -21"><span class='ocrx_word' id='word_1_187' title='bbox 230 2243 386 2314; x_wconf 89' lang='lat' dir='ltr'><strong>(inter</strong></span> <span class='ocrx_word' id='word_1_188' title='bbox 423 2260 550 2314; x_wconf 84' lang='lat' dir='ltr'><strong>quos</strong></span> <span class='ocrx_word' id='word_1_189' title='bbox 588 2261 685 2315; x_wconf 92' lang='lat' dir='ltr'><strong>pro</strong></span> <span class='ocrx_word' id='word_1_190' title='bbox 713 2241 1113 2314; x_wconf 89' lang='lat' dir='ltr'><strong>Metropolitano</strong></span> <span class='ocrx_word' id='word_1_191' title='bbox 1152 2243 1259 2294; x_wconf 82' lang='lat'><strong>864</strong></span> <span class='ocrx_word' id='word_1_192' title='bbox 1283 2241 1372 2313; x_wconf 89' lang='grc' dir='ltr'><strong>Η.).</strong></span> <span class='ocrx_word' id='word_1_193' title='bbox 1446 2241 1509 2293; x_wconf 88' lang='lat' dir='ltr'><strong>In</strong></span> <span class='ocrx_word' id='word_1_194' title='bbox 1549 2241 1667 2311; x_wconf 91' lang='lat' dir='ltr'><strong>lege</strong></span> <span class='ocrx_word' id='word_1_195' title='bbox 1698 2241 1954 2293; x_wconf 84' lang='lat' dir='ltr'><strong>financiali</strong></span> <span class='ocrx_word' id='word_1_196' title='bbox 1983 2260 2077 2312; x_wconf 92' lang='lat' dir='ltr'><strong>pro</strong></span> <span class='ocrx_word' id='word_1_197' title='bbox 2102 2242 2248 2293; x_wconf 90' lang='lat' dir='ltr'><strong>annis</strong></span> <span class='ocrx_word' id='word_1_198' title='bbox 2278 2243 2636 2295; x_wconf 89' lang='grc'>1861-1864</span> 
     </span>
     <span class='ocr_line' id='line_1_24' title="bbox 230 2328 2633 2400; baseline -0 -18"><span class='ocrx_word' id='word_1_199' title='bbox 230 2330 496 2397; x_wconf 89' lang='lat' dir='ltr'><strong>statuitur,</strong></span> <span class='ocrx_word' id='word_1_200' title='bbox 553 2336 610 2381; x_wconf 93' lang='lat' dir='ltr'><strong>ut</strong></span> <span class='ocrx_word' id='word_1_201' title='bbox 645 2329 900 2381; x_wconf 90' lang='lat' dir='ltr'><strong>aerarium</strong></span> <span class='ocrx_word' id='word_1_202' title='bbox 939 2329 1104 2381; x_wconf 89' lang='lat' dir='ltr'><strong>solvat</strong></span> <span class='ocrx_word' id='word_1_203' title='bbox 1149 2348 1244 2400; x_wconf 77' lang='lat' dir='ltr'><strong>per</strong></span> <span class='ocrx_word' id='word_1_204' title='bbox 1281 2349 1478 2381; x_wconf 75' lang='lat' dir='ltr'><strong>annum</strong></span> <span class='ocrx_word' id='word_1_205' title='bbox 1531 2329 1584 2398; x_wconf 89' lang='grc'>1)</span> <span class='ocrx_word' id='word_1_206' title='bbox 1634 2347 1728 2399; x_wconf 92' lang='lat' dir='ltr'><strong>pro</strong></span> <span class='ocrx_word' id='word_1_207' title='bbox 1779 2328 1967 2381; x_wconf 87' lang='lat' dir='ltr'><strong>salario</strong></span> <span class='ocrx_word' id='word_1_208' title='bbox 2017 2329 2371 2381; x_wconf 91' lang='lat' dir='ltr'><strong>ministrorum</strong></span> <span class='ocrx_word' id='word_1_209' title='bbox 2421 2329 2633 2382; x_wconf 80' lang='lat' dir='ltr'><strong>eccleS.“</strong></span> 
     </span>
     <span class='ocr_line' id='line_1_25' title="bbox 231 2415 2636 2487; baseline -0.001 -16"><span class='ocrx_word' id='word_1_210' title='bbox 231 2418 464 2472; x_wconf 90' lang='grc'>201.800</span> <span class='ocrx_word' id='word_1_211' title='bbox 500 2417 551 2468; x_wconf 92' lang='grc' dir='ltr'><strong>Η.</strong></span> <span class='ocrx_word' id='word_1_212' title='bbox 627 2417 684 2486; x_wconf 93' lang='grc'><strong>2)</strong></span> <span class='ocrx_word' id='word_1_213' title='bbox 723 2433 816 2487; x_wconf 93' lang='lat' dir='ltr'><strong>pro</strong></span> <span class='ocrx_word' id='word_1_214' title='bbox 856 2415 1044 2468; x_wconf 85' lang='lat' dir='ltr'><strong>damno</strong></span> <span class='ocrx_word' id='word_1_215' title='bbox 1085 2435 1150 2469; x_wconf 78' lang='lat' dir='ltr'><strong>ex</strong></span> <span class='ocrx_word' id='word_1_216' title='bbox 1190 2415 1400 2468; x_wconf 92' lang='lat' dir='ltr'><strong>decimis</strong></span> <span class='ocrx_word' id='word_1_217' title='bbox 1439 2424 1534 2468; x_wconf 92' lang='lat' dir='ltr'><strong>cet.</strong></span> <span class='ocrx_word' id='word_1_218' title='bbox 1583 2415 1826 2468; x_wconf 88' lang='lat' dir='ltr'><strong>redemtis</strong></span> <span class='ocrx_word' id='word_1_219' title='bbox 1878 2416 1940 2468; x_wconf 86' lang='lat' dir='ltr'><strong>iis</strong></span> <span class='ocrx_word' id='word_1_220' title='bbox 1990 2415 2292 2486; x_wconf 87' lang='lat' dir='ltr'><strong>emergente</strong></span> <span class='ocrx_word' id='word_1_221' title='bbox 2341 2416 2538 2470; x_wconf 86' lang='lat'><strong>36.450</strong></span> <span class='ocrx_word' id='word_1_222' title='bbox 2585 2415 2636 2468; x_wconf 88' lang='lat' dir='ltr'><strong>fl.</strong></span> 
     </span>
     <span class='ocr_line' id='line_1_26' title="bbox 233 2502 2638 2576; baseline -0 -19"><span class='ocrx_word' id='word_1_223' title='bbox 233 2505 289 2576; x_wconf 86' lang='lat'><strong>3)</strong></span> <span class='ocrx_word' id='word_1_224' title='bbox 324 2523 418 2576; x_wconf 89' lang='lat' dir='ltr'><strong>pro</strong></span> <span class='ocrx_word' id='word_1_225' title='bbox 458 2504 753 2575; x_wconf 88' lang='lat' dir='ltr'><strong>episcopatu</strong></span> <span class='ocrx_word' id='word_1_226' title='bbox 791 2511 843 2556; x_wconf 93' lang='lat' dir='ltr'><strong>et</strong></span> <span class='ocrx_word' id='word_1_227' title='bbox 878 2503 1152 2556; x_wconf 89' lang='lat' dir='ltr'><strong>seminario</strong></span> <span class='ocrx_word' id='word_1_228' title='bbox 1195 2503 1385 2555; x_wconf 87' lang='grc'>50706</span> <span class='ocrx_word' id='word_1_229' title='bbox 1423 2503 1472 2555; x_wconf 90' lang='grc' dir='ltr'><strong>Η.</strong></span> <span class='ocrx_word' id='word_1_230' title='bbox 1547 2504 1604 2574; x_wconf 89' lang='lat'><strong>4)</strong></span> <span class='ocrx_word' id='word_1_231' title='bbox 1656 2522 1750 2574; x_wconf 92' lang='lat' dir='ltr'><strong>pro</strong></span> <span class='ocrx_word' id='word_1_232' title='bbox 1788 2502 2034 2556; x_wconf 90' lang='lat' dir='ltr'><strong>institutis</strong></span> <span class='ocrx_word' id='word_1_233' title='bbox 2088 2505 2265 2576; x_wconf 88' lang='lat' dir='ltr'><strong>(supra</strong></span> <span class='ocrx_word' id='word_1_234' title='bbox 2312 2522 2452 2556; x_wconf 89' lang='lat' dir='ltr'><strong>num.</strong></span> <span class='ocrx_word' id='word_1_235' title='bbox 2489 2502 2638 2556; x_wconf 87' lang='lat' dir='ltr'><strong>IV.a.</strong></span> 
     </span>
     <span class='ocr_line' id='line_1_27' title="bbox 232 2589 2638 2662; baseline -0 -19"><span class='ocrx_word' id='word_1_236' title='bbox 232 2591 516 2662; x_wconf 87' lang='lat' dir='ltr'><strong>recensitis)</strong></span> <span class='ocrx_word' id='word_1_237' title='bbox 569 2590 784 2645; x_wconf 88' lang='lat' dir='ltr'><strong>convict.</strong></span> <span class='ocrx_word' id='word_1_238' title='bbox 837 2591 1031 2643; x_wconf 91' lang='grc'>63.000</span> <span class='ocrx_word' id='word_1_239' title='bbox 1078 2591 1130 2644; x_wconf 98' lang='grc' dir='ltr'><strong>Η.</strong></span> <span class='ocrx_word' id='word_1_240' title='bbox 1220 2590 1273 2661; x_wconf 88' lang='grc'><strong>5)</strong></span> <span class='ocrx_word' id='word_1_241' title='bbox 1322 2608 1418 2661; x_wconf 92' lang='lat' dir='ltr'><strong>pro</strong></span> <span class='ocrx_word' id='word_1_242' title='bbox 1468 2589 1808 2661; x_wconf 89' lang='lat' dir='ltr'><strong>suppellectili</strong></span> <span class='ocrx_word' id='word_1_243' title='bbox 1859 2590 2037 2643; x_wconf 81' lang='lat' dir='ltr'><strong>eecleS.</strong></span> <span class='ocrx_word' id='word_1_244' title='bbox 2093 2591 2247 2644; x_wconf 86' lang='lat'><strong>1.909</strong></span> <span class='ocrx_word' id='word_1_245' title='bbox 2297 2590 2349 2642; x_wconf 91' lang='lat' dir='ltr'><strong>fl.</strong></span> <span class='ocrx_word' id='word_1_246' title='bbox 2437 2590 2492 2662; x_wconf 90' lang='grc'><strong>6)</strong></span> <span class='ocrx_word' id='word_1_247' title='bbox 2542 2608 2638 2662; x_wconf 91' lang='lat' dir='ltr'><strong>pro</strong></span> 
     </span>
     <span class='ocr_line' id='line_1_28' title="bbox 236 2677 2414 2745; baseline -0.001 -14"><span class='ocrx_word' id='word_1_248' title='bbox 236 2678 379 2731; x_wconf 90' lang='lat' dir='ltr'><strong>cultu</strong></span> <span class='ocrx_word' id='word_1_249' title='bbox 415 2679 568 2731; x_wconf 92' lang='grc'>8.211</span> <span class='ocrx_word' id='word_1_250' title='bbox 609 2677 676 2745; x_wconf 83' lang='grc' dir='ltr'><strong>Η.,</strong></span> <span class='ocrx_word' id='word_1_251' title='bbox 713 2677 768 2728; x_wconf 90' lang='lat' dir='ltr'><strong>in</strong></span> <span class='ocrx_word' id='word_1_252' title='bbox 806 2696 1003 2729; x_wconf 88' lang='lat' dir='ltr'><strong>summa</strong></span> <span class='ocrx_word' id='word_1_253' title='bbox 1043 2677 1272 2731; x_wconf 81' lang='lat'><strong>362.077</strong></span> <span class='ocrx_word' id='word_1_254' title='bbox 1310 2677 1360 2729; x_wconf 91' lang='lat' dir='ltr'><strong>fl.</strong></span> <span class='ocrx_word' id='word_1_255' title='bbox 1407 2678 1466 2728; x_wconf 85' lang='lat'><strong>11</strong></span> <span class='ocrx_word' id='word_1_256' title='bbox 1512 2677 1590 2729; x_wconf 92' lang='lat' dir='ltr'><strong>kr.</strong></span> <span class='ocrx_word' id='word_1_257' title='bbox 2262 2702 2266 2707; x_wconf 83' lang='lat'><em>-</em></span> <span class='ocrx_word' id='word_1_258' title='bbox 2411 2712 2414 2714; x_wconf 96' lang='lat'>-</span> 
     </span>
    </p>
   </div>
   <div class='ocr_carea' id='block_1_10' title="bbox 231 2783 2641 3907">
    <p class='ocr_par' dir='ltr' id='par_1_10' title="bbox 231 2783 2641 3907">
     <span class='ocr_line' id='line_1_29' title="bbox 380 2783 2639 2857; baseline -0.001 -18"><span class='ocrx_word' id='word_1_259' title='bbox 380 2786 529 2840; x_wconf 89' lang='lat' dir='ltr'><strong>Bona</strong></span> <span class='ocrx_word' id='word_1_260' title='bbox 577 2785 896 2839; x_wconf 87' lang='lat' dir='ltr'><strong>abbatiarum</strong></span> <span class='ocrx_word' id='word_1_261' title='bbox 947 2793 997 2838; x_wconf 91' lang='lat' dir='ltr'><strong>et</strong></span> <span class='ocrx_word' id='word_1_262' title='bbox 1043 2785 1518 2857; x_wconf 88' lang='lat' dir='ltr'><strong>praepositurarum</strong></span> <span class='ocrx_word' id='word_1_263' title='bbox 1568 2783 1859 2838; x_wconf 87' lang='lat' dir='ltr'><strong>immediate</strong></span> <span class='ocrx_word' id='word_1_264' title='bbox 1907 2784 2122 2856; x_wconf 89' lang='lat' dir='ltr'><strong>imperio</strong></span> <span class='ocrx_word' id='word_1_265' title='bbox 2172 2783 2468 2855; x_wconf 89' lang='lat' dir='ltr'><strong>germanico</strong></span> <span class='ocrx_word' id='word_1_266' title='bbox 2523 2783 2639 2836; x_wconf 89' lang='lat' dir='ltr'><strong>sub-</strong></span> 
     </span>
     <span class='ocr_line' id='line_1_30' title="bbox 231 2869 2639 2945; baseline -0.002 -18"><span class='ocrx_word' id='word_1_267' title='bbox 231 2875 516 2945; x_wconf 83' lang='lat' dir='ltr'><strong>jectarum,</strong></span> <span class='ocrx_word' id='word_1_268' title='bbox 558 2890 689 2944; x_wconf 88' lang='lat' dir='ltr'><strong>quae</strong></span> <span class='ocrx_word' id='word_1_269' title='bbox 726 2873 780 2925; x_wconf 89' lang='lat' dir='ltr'><strong>in</strong></span> <span class='ocrx_word' id='word_1_270' title='bbox 818 2876 849 2941; x_wconf 67' lang='grc' dir='ltr'>ξ</span> <span class='ocrx_word' id='word_1_271' title='bbox 906 2874 956 2927; x_wconf 83' lang='lat'><strong>6.</strong></span> <span class='ocrx_word' id='word_1_272' title='bbox 996 2871 1174 2926; x_wconf 85' lang='lat' dir='ltr'><strong>Concl.</strong></span> <span class='ocrx_word' id='word_1_273' title='bbox 1213 2871 1381 2942; x_wconf 90' lang='lat' dir='ltr'><strong>deput.</strong></span> <span class='ocrx_word' id='word_1_274' title='bbox 1420 2871 1544 2943; x_wconf 88' lang='lat' dir='ltr'><strong>imp.</strong></span> <span class='ocrx_word' id='word_1_275' title='bbox 1584 2892 1628 2923; x_wconf 90' lang='lat' dir='ltr'><strong>a.</strong></span> <span class='ocrx_word' id='word_1_276' title='bbox 1674 2872 1809 2924; x_wconf 87' lang='lat'>1803</span> <span class='ocrx_word' id='word_1_277' title='bbox 1852 2869 2329 2941; x_wconf 91' lang='lat' dir='ltr'><strong>Wurttembergiae</strong></span> <span class='ocrx_word' id='word_1_278' title='bbox 2366 2870 2485 2922; x_wconf 85' lang='lat' dir='ltr'><strong>data</strong></span> <span class='ocrx_word' id='word_1_279' title='bbox 2521 2877 2639 2922; x_wconf 89' lang='lat' dir='ltr'><strong>sunt</strong></span> 
     </span>
     <span class='ocr_line' id='line_1_31' title="bbox 241 2956 2639 3034; baseline -0.003 -20"><span class='ocrx_word' id='word_1_280' title='bbox 241 2962 326 3034; x_wconf 88' lang='lat' dir='ltr'><strong>(cf.</strong></span> <span class='ocrx_word' id='word_1_281' title='bbox 377 2960 762 3031; x_wconf 89' lang='lat' dir='ltr'><strong>Berghaus‚</strong></span> <span class='ocrx_word' id='word_1_282' title='bbox 819 2959 1178 3012; x_wconf 89' lang='lat' dir='ltr'><strong>Deutschland</strong></span> <span class='ocrx_word' id='word_1_283' title='bbox 1228 2977 1320 3011; x_wconf 81' lang='lat' dir='ltr'><strong>vor</strong></span> <span class='ocrx_word' id='word_1_284' title='bbox 1372 2960 1475 3010; x_wconf 89' lang='lat'><strong>100</strong></span> <span class='ocrx_word' id='word_1_285' title='bbox 1524 2957 1740 3012; x_wconf 82' lang='lat' dir='ltr'><strong>Jahren.</strong></span> <span class='ocrx_word' id='word_1_286' title='bbox 1814 2958 1886 3010; x_wconf 86' lang='lat' dir='ltr'><strong>II.</strong></span> <span class='ocrx_word' id='word_1_287' title='bbox 1938 2960 1983 3011; x_wconf 90' lang='lat'><strong>1.</strong></span> <span class='ocrx_word' id='word_1_288' title='bbox 2031 2975 2152 3029; x_wconf 89' lang='lat' dir='ltr'><strong>pag.</strong></span> <span class='ocrx_word' id='word_1_289' title='bbox 2204 2958 2312 3010; x_wconf 90' lang='grc'><strong>290</strong></span> <span class='ocrx_word' id='word_1_290' title='bbox 2348 2956 2484 3028; x_wconf 85' lang='lat' dir='ltr'><strong>sqq.)</strong></span> <span class='ocrx_word' id='word_1_291' title='bbox 2529 2957 2639 3027; x_wconf 87' lang='lat' dir='ltr'><strong>jam</strong></span> 
     </span>
     <span class='ocr_line' id='line_1_32' title="bbox 239 3043 2638 3109; baseline -0.003 -8"><span class='ocrx_word' id='word_1_292' title='bbox 239 3069 282 3101; x_wconf 89' lang='lat' dir='ltr'><strong>a.</strong></span> <span class='ocrx_word' id='word_1_293' title='bbox 327 3049 462 3100; x_wconf 85' lang='lat'>1803</span> <span class='ocrx_word' id='word_1_294' title='bbox 508 3046 726 3100; x_wconf 88' lang='lat' dir='ltr'><strong>reditum</strong></span> <span class='ocrx_word' id='word_1_295' title='bbox 776 3046 1035 3098; x_wconf 88' lang='lat' dir='ltr'><strong>habebant</strong></span> <span class='ocrx_word' id='word_1_296' title='bbox 1085 3046 1315 3098; x_wconf 85' lang='grc'>340000</span> <span class='ocrx_word' id='word_1_297' title='bbox 1350 3045 1401 3100; x_wconf 92' lang='grc' dir='ltr'><strong>Η.</strong></span> <span class='ocrx_word' id='word_1_298' title='bbox 1477 3044 1677 3109; x_wconf 79' lang='lat' dir='ltr'><strong>Quodsi</strong></span> <span class='ocrx_word' id='word_1_299' title='bbox 1727 3062 2033 3097; x_wconf 88' lang='lat' dir='ltr'><strong>annumeres</strong></span> <span class='ocrx_word' id='word_1_300' title='bbox 2086 3045 2220 3096; x_wconf 90' lang='lat' dir='ltr'><strong>bona</strong></span> <span class='ocrx_word' id='word_1_301' title='bbox 2269 3043 2485 3097; x_wconf 90' lang='lat' dir='ltr'><strong>aliorum</strong></span> <span class='ocrx_word' id='word_1_302' title='bbox 2533 3061 2638 3096; x_wconf 91' lang='lat' dir='ltr'><strong>mo-</strong></span> 
     </span>
     <span class='ocr_line' id='line_1_33' title="bbox 241 3131 2641 3203; baseline -0.002 -16"><span class='ocrx_word' id='word_1_303' title='bbox 241 3135 579 3187; x_wconf 89' lang='lat' dir='ltr'><strong>nasteriorum</strong></span> <span class='ocrx_word' id='word_1_304' title='bbox 617 3141 714 3186; x_wconf 89' lang='lat' dir='ltr'><strong>cet.</strong></span> <span class='ocrx_word' id='word_1_305' title='bbox 752 3133 848 3198; x_wconf 87' lang='grc'><strong>42,</strong></span> <span class='ocrx_word' id='word_1_306' title='bbox 907 3150 1038 3202; x_wconf 87' lang='lat' dir='ltr'><strong>quae</strong></span> <span class='ocrx_word' id='word_1_307' title='bbox 1085 3133 1131 3184; x_wconf 91' lang='lat' dir='ltr'><strong>vi</strong></span> <span class='ocrx_word' id='word_1_308' title='bbox 1183 3137 1227 3202; x_wconf 67' lang='grc' dir='ltr'><strong>ξ.</strong></span> <span class='ocrx_word' id='word_1_309' title='bbox 1268 3134 1352 3186; x_wconf 88' lang='grc'><strong>35.</strong></span> <span class='ocrx_word' id='word_1_310' title='bbox 1396 3132 1628 3202; x_wconf 89' lang='lat' dir='ltr'><strong>ejusdem</strong></span> <span class='ocrx_word' id='word_1_311' title='bbox 1665 3131 1891 3185; x_wconf 90' lang='lat' dir='ltr'><strong>conclusi</strong></span> <span class='ocrx_word' id='word_1_312' title='bbox 1937 3131 2139 3203; x_wconf 88' lang='lat' dir='ltr'><strong>imperii</strong></span> <span class='ocrx_word' id='word_1_313' title='bbox 2192 3131 2472 3184; x_wconf 89' lang='lat' dir='ltr'><strong>saecularia</strong></span> <span class='ocrx_word' id='word_1_314' title='bbox 2520 3138 2641 3184; x_wconf 87' lang='lat' dir='ltr'><strong>sunt</strong></span> 
     </span>
     <span class='ocr_line' id='line_1_34' title="bbox 242 3217 2639 3293; baseline -0.001 -19"><span class='ocrx_word' id='word_1_315' title='bbox 242 3222 446 3275; x_wconf 88' lang='lat' dir='ltr'><strong>reddita</strong></span> <span class='ocrx_word' id='word_1_316' title='bbox 487 3220 588 3293; x_wconf 80' lang='lat' dir='ltr'><strong>[eX.</strong></span> <span class='ocrx_word' id='word_1_317' title='bbox 625 3238 703 3292; x_wconf 91' lang='lat' dir='ltr'><strong>gr.</strong></span> <span class='ocrx_word' id='word_1_318' title='bbox 742 3219 1107 3273; x_wconf 88' lang='lat' dir='ltr'><strong>monasterium</strong></span> <span class='ocrx_word' id='word_1_319' title='bbox 1146 3218 1409 3272; x_wconf 87' lang='lat' dir='ltr'><strong>Carmelit.</strong></span> <span class='ocrx_word' id='word_1_320' title='bbox 1446 3219 1688 3273; x_wconf 88' lang='lat' dir='ltr'><strong>Rottenb.</strong></span> <span class='ocrx_word' id='word_1_321' title='bbox 1726 3217 1941 3270; x_wconf 89' lang='lat' dir='ltr'><strong>fundum</strong></span> <span class='ocrx_word' id='word_1_322' title='bbox 1983 3220 2208 3272; x_wconf 91' lang='grc'>120000</span> <span class='ocrx_word' id='word_1_323' title='bbox 2244 3220 2293 3271; x_wconf 90' lang='lat' dir='ltr'><strong>fl.</strong></span> <span class='ocrx_word' id='word_1_324' title='bbox 2333 3218 2511 3271; x_wconf 91' lang='lat' dir='ltr'><strong>habuit</strong></span> <span class='ocrx_word' id='word_1_325' title='bbox 2543 3237 2639 3290; x_wconf 92' lang='lat' dir='ltr'><strong>pro</strong></span> 
     </span>
     <span class='ocr_line' id='line_1_35' title="bbox 245 3304 2638 3379; baseline -0.002 -18"><span class='ocrx_word' id='word_1_326' title='bbox 245 3308 409 3361; x_wconf 89' lang='lat' dir='ltr'><strong>missis</strong></span> <span class='ocrx_word' id='word_1_327' title='bbox 460 3307 696 3379; x_wconf 88' lang='lat' dir='ltr'><strong>legendis</strong></span> <span class='ocrx_word' id='word_1_328' title='bbox 746 3305 863 3379; x_wconf 89' lang='lat' dir='ltr'><strong>cet.]</strong></span> <span class='ocrx_word' id='word_1_329' title='bbox 915 3314 966 3359; x_wconf 89' lang='lat' dir='ltr'><strong>et</strong></span> <span class='ocrx_word' id='word_1_330' title='bbox 1014 3315 1214 3377; x_wconf 90' lang='lat' dir='ltr'><strong>partem</strong></span> <span class='ocrx_word' id='word_1_331' title='bbox 1262 3306 1578 3379; x_wconf 89' lang='lat' dir='ltr'><strong>principatus</strong></span> <span class='ocrx_word' id='word_1_332' title='bbox 1622 3305 1805 3376; x_wconf 88' lang='lat' dir='ltr'><strong>Magni</strong></span> <span class='ocrx_word' id='word_1_333' title='bbox 1842 3306 2079 3376; x_wconf 89' lang='lat' dir='ltr'><strong>Magistri</strong></span> <span class='ocrx_word' id='word_1_334' title='bbox 2119 3305 2330 3360; x_wconf 89' lang='lat' dir='ltr'><strong>Ordinis</strong></span> <span class='ocrx_word' id='word_1_335' title='bbox 2367 3304 2638 3359; x_wconf 89' lang='lat' dir='ltr'><strong>Teutonici</strong></span> 
     </span>
     <span class='ocr_line' id='line_1_36' title="bbox 245 3392 2637 3466; baseline -0.001 -18"><span class='ocrx_word' id='word_1_336' title='bbox 245 3394 609 3466; x_wconf 75' lang='lat' dir='ltr'><strong>Merqentkeim</strong></span> <span class='ocrx_word' id='word_1_337' title='bbox 645 3401 793 3465; x_wconf 90' lang='lat' dir='ltr'><strong>pacto</strong></span> <span class='ocrx_word' id='word_1_338' title='bbox 831 3412 946 3445; x_wconf 89' lang='lat' dir='ltr'><strong>cum</strong></span> <span class='ocrx_word' id='word_1_339' title='bbox 983 3412 1110 3464; x_wconf 84' lang='lat' dir='ltr'><strong>rege</strong></span> <span class='ocrx_word' id='word_1_340' title='bbox 1156 3395 1389 3447; x_wconf 89' lang='lat' dir='ltr'><strong>bavarioo</strong></span> <span class='ocrx_word' id='word_1_341' title='bbox 1440 3394 1489 3446; x_wconf 73' lang='lat' dir='ltr'><strong>d.</strong></span> <span class='ocrx_word' id='word_1_342' title='bbox 1543 3394 1624 3446; x_wconf 90' lang='grc'><strong>18.</strong></span> <span class='ocrx_word' id='word_1_343' title='bbox 1664 3392 1786 3445; x_wconf 90' lang='lat' dir='ltr'><strong>Maii</strong></span> <span class='ocrx_word' id='word_1_344' title='bbox 1841 3395 1978 3446; x_wconf 90' lang='grc'>1810</span> <span class='ocrx_word' id='word_1_345' title='bbox 2025 3395 2152 3447; x_wconf 92' lang='lat' dir='ltr'><strong>inito</strong></span> <span class='ocrx_word' id='word_1_346' title='bbox 2200 3394 2313 3464; x_wconf 91' lang='lat' dir='ltr'><strong>regi</strong></span> <span class='ocrx_word' id='word_1_347' title='bbox 2350 3393 2637 3446; x_wconf 89' lang='lat' dir='ltr'><strong>Wurttem-</strong></span> 
     </span>
     <span class='ocr_line' id='line_1_37' title="bbox 244 3479 2637 3553; baseline -0.002 -18"><span class='ocrx_word' id='word_1_348' title='bbox 244 3481 456 3553; x_wconf 91' lang='lat' dir='ltr'><strong>bergiae</strong></span> <span class='ocrx_word' id='word_1_349' title='bbox 494 3500 714 3548; x_wconf 89' lang='lat' dir='ltr'><strong>cessam,</strong></span> <span class='ocrx_word' id='word_1_350' title='bbox 771 3489 939 3553; x_wconf 84' lang='lat' dir='ltr'><strong>patet:</strong></span> <span class='ocrx_word' id='word_1_351' title='bbox 1007 3481 1058 3552; x_wconf 85' lang='lat'><strong>1)</strong></span> <span class='ocrx_word' id='word_1_352' title='bbox 1096 3482 1318 3534; x_wconf 91' lang='lat' dir='ltr'><strong>reditum</strong></span> <span class='ocrx_word' id='word_1_353' title='bbox 1357 3500 1422 3534; x_wconf 84' lang='lat' dir='ltr'><strong>ex</strong></span> <span class='ocrx_word' id='word_1_354' title='bbox 1459 3479 1605 3533; x_wconf 90' lang='lat' dir='ltr'><strong>bonis</strong></span> <span class='ocrx_word' id='word_1_355' title='bbox 1645 3480 1766 3533; x_wconf 89' lang='lat' dir='ltr'><strong>olim</strong></span> <span class='ocrx_word' id='word_1_356' title='bbox 1817 3481 2090 3536; x_wconf 87' lang='lat' dir='ltr'><strong>ecclesiast.</strong></span> <span class='ocrx_word' id='word_1_357' title='bbox 2143 3481 2272 3533; x_wconf 88' lang='lat' dir='ltr'><strong>cath.</strong></span> <span class='ocrx_word' id='word_1_358' title='bbox 2321 3479 2485 3533; x_wconf 91' lang='lat' dir='ltr'><strong>multo</strong></span> <span class='ocrx_word' id='word_1_359' title='bbox 2533 3498 2637 3531; x_wconf 86' lang='lat' dir='ltr'><strong>ma-</strong></span> 
     </span>
     <span class='ocr_line' id='line_1_38' title="bbox 242 3567 2638 3641; baseline 0 -19"><span class='ocrx_word' id='word_1_360' title='bbox 242 3569 409 3639; x_wconf 87' lang='lat' dir='ltr'><strong>jorem</strong></span> <span class='ocrx_word' id='word_1_361' title='bbox 451 3587 560 3621; x_wconf 90' lang='lat' dir='ltr'><strong>esse</strong></span> <span class='ocrx_word' id='word_1_362' title='bbox 599 3587 751 3638; x_wconf 90' lang='lat' dir='ltr'><strong>quam</strong></span> <span class='ocrx_word' id='word_1_363' title='bbox 790 3587 1041 3620; x_wconf 88' lang='lat' dir='ltr'><strong>summam</strong></span> <span class='ocrx_word' id='word_1_364' title='bbox 1078 3569 1142 3621; x_wconf 90' lang='lat' dir='ltr'><strong>ab</strong></span> <span class='ocrx_word' id='word_1_365' title='bbox 1179 3569 1374 3622; x_wconf 87' lang='lat' dir='ltr'><strong>aerario</strong></span> <span class='ocrx_word' id='word_1_366' title='bbox 1412 3568 1477 3621; x_wconf 90' lang='lat' dir='ltr'><strong>ad</strong></span> <span class='ocrx_word' id='word_1_367' title='bbox 1512 3567 1637 3621; x_wconf 83' lang='lat' dir='ltr'><strong>fines</strong></span> <span class='ocrx_word' id='word_1_368' title='bbox 1676 3568 1797 3621; x_wconf 91' lang='lat' dir='ltr'><strong>eccl.</strong></span> <span class='ocrx_word' id='word_1_369' title='bbox 1838 3569 1970 3621; x_wconf 89' lang='lat' dir='ltr'><strong>cath.</strong></span> <span class='ocrx_word' id='word_1_370' title='bbox 2010 3569 2259 3635; x_wconf 79' lang='lat' dir='ltr'><strong>dandam3</strong></span> <span class='ocrx_word' id='word_1_371' title='bbox 2296 3571 2352 3641; x_wconf 93' lang='grc'><strong>2)</strong></span> <span class='ocrx_word' id='word_1_372' title='bbox 2390 3589 2638 3623; x_wconf 86' lang='lat' dir='ltr'><strong>summam</strong></span> 
     </span>
     <span class='ocr_line' id='line_1_39' title="bbox 248 3655 2639 3728; baseline 0 -20"><span class='ocrx_word' id='word_1_373' title='bbox 248 3675 370 3710; x_wconf 91' lang='lat' dir='ltr'><strong>vero</strong></span> <span class='ocrx_word' id='word_1_374' title='bbox 419 3658 483 3710; x_wconf 89' lang='lat' dir='ltr'><strong>ab</strong></span> <span class='ocrx_word' id='word_1_375' title='bbox 539 3658 737 3711; x_wconf 88' lang='lat' dir='ltr'><strong>aerario</strong></span> <span class='ocrx_word' id='word_1_376' title='bbox 795 3657 967 3710; x_wconf 88' lang='lat' dir='ltr'><strong>datam</strong></span> <span class='ocrx_word' id='word_1_377' title='bbox 1019 3656 1253 3728; x_wconf 76' lang='lat' dir='ltr'><strong>sufficere</strong></span> <span class='ocrx_word' id='word_1_378' title='bbox 1307 3657 1372 3709; x_wconf 88' lang='lat' dir='ltr'><strong>ad</strong></span> <span class='ocrx_word' id='word_1_379' title='bbox 1427 3655 1714 3710; x_wconf 89' lang='lat' dir='ltr'><strong>necessaria</strong></span> <span class='ocrx_word' id='word_1_380' title='bbox 1770 3656 2036 3710; x_wconf 64' lang='lat' dir='ltr'><strong>ecclesiae&gt;</strong></span> <span class='ocrx_word' id='word_1_381' title='bbox 2070 3657 2528 3724; x_wconf 89' lang='lat' dir='ltr'><strong>subministranda,</strong></span> <span class='ocrx_word' id='word_1_382' title='bbox 2583 3657 2639 3709; x_wconf 91' lang='lat' dir='ltr'><strong>in</strong></span> 
     </span>
     <span class='ocr_line' id='line_1_40' title="bbox 249 3743 2637 3816; baseline 0 -21"><span class='ocrx_word' id='word_1_383' title='bbox 249 3751 496 3814; x_wconf 88' lang='lat' dir='ltr'><strong>quantum</strong></span> <span class='ocrx_word' id='word_1_384' title='bbox 538 3744 666 3796; x_wconf 88' lang='lat' dir='ltr'><strong>bona</strong></span> <span class='ocrx_word' id='word_1_385' title='bbox 706 3743 949 3797; x_wconf 88' lang='lat' dir='ltr'><strong>ecclesiae</strong></span> <span class='ocrx_word' id='word_1_386' title='bbox 984 3743 1192 3816; x_wconf 89' lang='lat' dir='ltr'><strong>propria</strong></span> <span class='ocrx_word' id='word_1_387' title='bbox 1230 3762 1333 3796; x_wconf 91' lang='lat' dir='ltr'><strong>non</strong></span> <span class='ocrx_word' id='word_1_388' title='bbox 1373 3743 1654 3810; x_wconf 84' lang='lat' dir='ltr'><strong>sufficiant3</strong></span> <span class='ocrx_word' id='word_1_389' title='bbox 1714 3744 1769 3815; x_wconf 88' lang='lat'><strong>3)</strong></span> <span class='ocrx_word' id='word_1_390' title='bbox 1807 3764 1864 3798; x_wconf 78' lang='lat' dir='ltr'><strong>re</strong></span> <span class='ocrx_word' id='word_1_391' title='bbox 1899 3747 2018 3816; x_wconf 64' lang='lat' dir='ltr'><strong>{psa</strong></span> <span class='ocrx_word' id='word_1_392' title='bbox 2054 3749 2104 3811; x_wconf 82' lang='lat'><strong>§.</strong></span> <span class='ocrx_word' id='word_1_393' title='bbox 2143 3746 2228 3798; x_wconf 85' lang='lat'><strong>82.</strong></span> <span class='ocrx_word' id='word_1_394' title='bbox 2267 3743 2637 3797; x_wconf 88' lang='lat' dir='ltr'><strong>constitutionis</strong></span> 
     </span>
     <span class='ocr_line' id='line_1_41' title="bbox 250 3829 2639 3907; baseline 0.003 -27"><span class='ocrx_word' id='word_1_395' title='bbox 250 3829 566 3898; x_wconf 80' lang='lat' dir='ltr'><strong>Wurttemb.,</strong></span> <span class='ocrx_word' id='word_1_396' title='bbox 625 3829 713 3904; x_wconf 88' lang='lat' dir='ltr'><strong>qui</strong></span> <span class='ocrx_word' id='word_1_397' title='bbox 769 3830 971 3900; x_wconf 82' lang='lat' dir='ltr'><strong>statuit,</strong></span> <span class='ocrx_word' id='word_1_398' title='bbox 1031 3838 1121 3900; x_wconf 78' lang='lat' dir='ltr'><strong>„ut</strong></span> <span class='ocrx_word' id='word_1_399' title='bbox 1176 3829 1387 3885; x_wconf 86' lang='lat' dir='ltr'><strong>ecclesia</strong></span> <span class='ocrx_word' id='word_1_400' title='bbox 1444 3829 1576 3885; x_wconf 86' lang='lat' dir='ltr'><strong>cath.</strong></span> <span class='ocrx_word' id='word_1_401' title='bbox 1631 3831 1850 3906; x_wconf 85' lang='lat' dir='ltr'><strong>recipiat</strong></span> <span class='ocrx_word' id='word_1_402' title='bbox 1903 3831 1969 3886; x_wconf 88' lang='lat' dir='ltr'><strong>ad</strong></span> <span class='ocrx_word' id='word_1_403' title='bbox 2021 3830 2344 3907; x_wconf 84' lang='lat' dir='ltr'><strong>procuranda</strong></span> <span class='ocrx_word' id='word_1_404' title='bbox 2397 3829 2639 3888; x_wconf 67' lang='lat' dir='ltr'><strong>ecclesiae</strong></span> 
     </span>
    </p>
   </div>
  </div>
 </body>
</html>
