2670 4126
194 107 250 149 40

446 237 499 308 1)
537 257 632 309 pro
654 237 835 289 dandis
863 237 945 289 vel
974 236 1271 308 supplendis
1299 241 1541 311 congruis
1566 242 1911 315 parochorum
1933 247 2064 319 (58),
2090 250 2436 304 localistarum
2457 252 2587 326 (53),

537 333 923 396 cooperatorum
965 325 1143 395 (132),
1184 334 1339 380 curat.
1382 329 1448 380 16
1487 328 1518 381 i.
1557 349 1596 382 s,
1639 331 1866 384 110.618
1902 331 1954 388 fl.
1991 353 2058 387 m.
2097 355 2140 390 a.

442 412 498 484 2)
538 432 633 482 pro
697 411 996 482 supplendis
1065 413 1304 483 congruis
1369 416 1472 467 118
1533 435 1671 487 pain,
1742 419 1810 470 39
1873 419 2111 488 localist.,
2179 427 2248 478 22
2316 395 2586 500 coeperat..
2634 486 2637 489 ,

534 501 565 552 3
606 506 762 550 curat.
803 507 893 551 cet.
927 506 1022 552 cet.
1084 542 1096 554 .
1271 539 1284 553 .
1459 542 1470 554 .
1646 544 1657 557 .
1833 547 1846 558 .
2021 549 2033 560 .
2207 513 2416 568 43.433.

440 586 494 653 3)
535 603 628 657 pro
669 585 1074 638 mendicantibus
1115 586 1363 655 (Reform.
1404 595 1454 639 et
1491 586 1707 662 Capuc.)
1832 633 1843 645 .
2022 635 2033 648 .
2209 598 2445 657 32526.-

437 673 493 743 4)
534 692 628 743 pro
668 673 941 726 catechetis
1082 715 1093 726 .
1271 713 1284 725 .
1459 716 1470 727 .
1648 718 1659 730 .
1836 720 1868 737 ,χ
2022 721 2034 734 .
2243 686 2416 741 8.500.

436 759 488 829 5)
528 778 620 831 pro
659 760 864 826 eccles,
904 760 1247 832 parochorum
1288 761 1524 816 domibus
1564 771 1655 817 cet.
1831 805 1843 818 .
2018 809 2032 825 .
2205 772 2416 826 45217.

437 847 491 917 6)
530 866 624 918 pro
669 848 768 900 137
807 847 952 901 defic.
993 848 1185 900 sacerd.
1273 887 1285 899 .
1461 889 1474 901 .
1649 892 1660 904 .
1834 892 1847 905 .
2021 895 2033 908 .
2208 850 2417 914 38846.

1127 1025 1633 1089 Dioeceses

1289 1200 1334 1264 s.
1401 1198 1485 1250 27.

652 1318 718 1375 A.
810 1317 1249 1374 Archidioecesis
1313 1318 1756 1376 Viennensis
1799 1322 2112 1398 [Wienj.

320 1471 584 1528 Dioeccsis
614 1472 925 1525 Viennensis
951 1491 994 1524 a.
1034 1473 1168 1524 1469
1197 1480 1370 1524 erecta
1394 1492 1488 1544 per
1513 1473 1706 1526 bullam
1734 1474 2027 1530 Innocentii
2054 1478 2208 1533 XIII.
2237 1480 2336 1535 dat.
2369 1483 2413 1536 1.
2439 1483 2585 1539 Junii

178 1557 313 1611 1722
370 1559 423 1610 in
478 1559 890 1612 archidioecesim
946 1567 995 1611 et
1039 1559 1369 1631 Metropolim
1423 1568 1499 1614 est
1554 1570 1801 1632 promota.
1899 1564 1986 1617 Ab
2031 1564 2342 1638 imperatore
2396 1569 2583 1625 Ferdi·

176 1645 350 1699 nando
389 1648 461 1699 II.
536 1646 778 1718 Episcopi
820 1666 862 1699 a.
907 1648 1036 1700 1631
1086 1646 1423 1718 „Principum
1458 1647 1707 1719 Imperii“
1749 1650 1895 1704 titulo
1933 1651 2106 1705 donati
2143 1663 2275 1707 sunt.

320 1734 516 1786 Habuit
572 1737 640 1788 25
698 1735 995 1806 episcop05,
1072 1737 1104 1786 6
1162 1734 1386 1807 archiep.
1463 1735 1727 1808 Septimus
1785 1738 2224 1813 Archiepiscopus
2292 1751 2344 1797 et
2398 1743 2588 1798 Metro-

216 1821 339 1875 olita
378 1830 487 1875 est:

178 1842 211 1894 p
323 1910 570 1980 Joseplms
614 1909 891 1971 Othmarus
931 1909 1099 1982 Eques
1136 1909 1198 1961 de
1234 1908 1514 1974 Rauscher,
1554 1908 1606 1964 S.
1646 1910 1708 1963 R.
1743 1911 1803 1965 E.
1844 1913 1919 1964 tit.
1950 1912 2004 1967 S.
2031 1913 2227 1969 Mariae
2265 1916 2329 1970 de
2357 1917 2584 1973 Victoria

177 1997 330 2050 Card.
374 1999 559 2069 presb,
599 2006 701 2050 nat.
732 1998 968 2050 Viennae
1008 1999 1054 2049 6.
1080 1996 1196 2050 Oct.
1230 1997 1383 2063 1797,
1423 1995 1531 2049 ord.
1567 1998 1651 2050 21.
1682 1995 1820 2069 Aug.
1853 2001 2006 2067 1823,
2045 2000 2282 2075 Episcop.
2308 2003 2585 2060 Secoviens

181 2088 264 2138 29.
303 2086 423 2140 Jan.
469 2086 620 2153 1849,
663 2086 895 2137 Viennae
934 2084 1203 2138 inthronis.
1246 2085 1329 2136 15.
1370 2084 1511 2154 Aug.
1555 2085 1721 2151 1853,
1764 2085 1975 2140 Cardin.
2021 2089 2098 2141 17.
2137 2089 2261 2144 Dec.
2307 2094 2458 2147 1855.

323 2174 533 2227 Mensa:
572 2175 707 2226 bona
744 2172 1038 2238 immobilia,
1080 2171 1308 2224 decimae
1346 2171 1606 2224 redemtae
1646 2180 1740 2224 cet.
1778 2173 1975 2227 reditus
2004 2175 2119 2229 circ.
2147 2179 2342 2245 4Ο,ΟΟΟ
2364 2180 2413 2233 fl.
2441 2200 2507 2235 m.
2537 2202 2581 2235 a.

319 2284 363 2335 I.
418 2284 572 2336 Situs.
648 2282 713 2334 In
752 2281 966 2335 Austria
1004 2281 1249 2334 inferiore
1286 2280 1380 2332 sita
1419 2279 1649 2333 continet
1687 2281 1997 2335 territorium
2038 2284 2330 2340 Viennense
2367 2297 2418 2342 et
2454 2289 2587 2358 duos!

179 2372 397 2423 circulos
455 2371 677 2441 (Viertel
730 2369 946 2421 unter'm
1000 2368 1217 2421 &Viener
1268 2366 1488 2432 Walde,
1551 2367 1755 2421 Viertel
1810 2369 2027 2423 unter'm
2076 2367 2583 2450 Manhardtsberge).

183 2459 355 2514 166.22
396 2458 499 2510 mil.
544 2467 613 2520 [j.

316 2567 388 2619 Π.
463 2567 730 2620 Dividitur
766 2567 820 2618 in
859 2567 929 2620 27
967 2565 1290 2630 Decauatus,
1342 2563 1524 2616 decani
1561 2562 1625 2615 ab
1662 2561 1940 2617 Ordinario
1977 2566 2322 2622 nominantur.

299 2677 403 2730 ΠΙ.
479 2678 652 2730 Status
715 2678 1013 2729 animarum
1063 2674 1250 2747 (1863)
1310 2671 1462 2726 Cath.
1517 2672 1811 2738 1,169.838.
1903 2672 2122 2746 Reliqua
2175 2695 2279 2730 non
2333 2687 2580 2735 constant.

176 2765 313 2817 Vide
350 2784 504 2837 supra
542 2769 587 2833 ξ.
630 2765 694 2816 13
734 2784 847 2835 sqq.

318 2875 416 2926 IV.
497 2873 685 2926 Cleru-s.
764 2893 806 2924 a.
846 2873 1118 2925 Institutio,
1197 2872 1241 2923 1.
1282 2870 1631 2923 Seminarium
1656 2886 1943 2937 puerorum
1980 2866 2211 2922 Viennae
2247 2889 2361 2924 cum
2393 2875 2415 2926 1
2458 2874 2578 2933 Dir.

177 2966 212 3016 4
262 2963 428 3016 Pmef.
479 2961 612 3014 stud.
665 2961 882 3014 Alumni
933 2959 1262 3030 gymnasium
1316 2958 1656 3027 frequentant.
1749 2956 1799 3006 2.
1851 2953 2199 3008 Seminarium
2252 2957 2578 3027 Cleo-icommz,

180 3070 293 3103 cum
332 3050 520 3102 Direct.
534 3090 551 3114 ,
614 3047 893 3100 Vice-Dir.
948 3055 998 3099 et
1054 3047 1354 3110 Oeconomo,
1405 3043 1615 3114 Spirit„
1667 3040 1989 3106 Subreetore,
2038 3040 2304 3114 Praefecto
2351 3047 2578 3116 studior„

178 3139 239 3190 81
275 3137 507 3189 alumnis.
584 3134 654 3186 Hi
681 3134 1019 3186 instituuntur
1044 3132 1097 3184 in
1127 3132 1367 3184 facultate
1394 3128 1549 3182 theol.
1575 3126 1938 3194 universitatiS,
1978 3146 2108 3199 quae
2135 3139 2213 3183 est
2250 3132 2299 3184 3.
2339 3133 2579 3189 Studium

179 3225 316 3277 theol.
346 3224 495 3278 dioec.
530 3241 645 3274 cum
673 3223 704 3273 9
733 3221 953 3273 Profess:
1025 3219 1296 3272 Praeterea
1323 3217 1407 3269 hic
1440 3214 1612 3268 existit
1647 3216 1697 3266 4.
1728 3231 1855 3265 caes.
1881 3232 1988 3283 reg.
2027 3214 2324 3274 Institutum
2344 3224 2578 3292 superius

177 3311 238 3363 ad
278 3310 332 3365 S.
372 3311 597 3381 August.
634 3327 729 3380 pro
767 3306 1080 3359 instruendis
1119 3304 1485 3360 Sacerdotibus
1523 3300 1895 3366 saecularibuS,
1933 3300 1987 3352 in
2026 3321 2128 3373 quo
2166 3305 2491 3378 hospitantur
2526 3318 2611 3369 et.

175 3398 361 3470 partim
417 3398 472 3450 in
529 3398 680 3449 domo
741 3394 927 3466 partim
990 3394 1044 3445 in
1101 3392 1435 3445 universitate
1497 3387 1800 3442 erudiuntur
1861 3389 2175 3459 sacerdotes,
2236 3410 2300 3446 ex
2358 3393 2574 3466 singulis

180 3484 498 3538 dioecesibus
538 3483 780 3536 Austriae
817 3483 879 3535 ab
921 3480 1209 3534 Ordinariis
1259 3478 1440 3532 missis
1514 3475 1688 3529 Habet
1737 3473 1928 3531 Direct.
1978 3496 2147 3548 super.
2154 3519 2174 3545 ,
2222 3480 2339 3534 Dir.
2388 3485 2571 3554 fflirit„

177 3564 207 3614 3
247 3571 522 3624 directores
560 3571 872 3636 studiorum,
923 3572 993 3621 25
1031 3588 1129 3622 sac.
1169 3569 1441 3642 Impensae
1479 3571 1746 3624 solvuntur
1786 3591 1814 3626 e
1863 3567 2036 3627 fundis
2085 3567 2351 3639 religionis
2400 3569 2571 3641 singu·

176 3657 340 3709 larum
377 3666 657 3724 terrarum,
715 3657 993 3710 secundum
1028 3655 1240 3727 Budget
1287 3677 1330 3709 a.
1374 3660 1510 3712 1863
1560 3660 1894 3714 ascendentes
1933 3680 1999 3714 ex
2035 3658 2184 3713 terris
2222 3656 2571 3710 haereditariis

178 3745 486 3812 germanicis
544 3754 594 3798 et
649 3744 849 3797 slavicis
901 3745 966 3796 ad
1019 3763 1268 3796 summam
1332 3746 1518 3801 17.102
1554 3747 1604 3799 fl.
1695 3750 1749 3800 5.
1809 3747 2098 3819 Collegium
2151 3745 2572 3816 szmduy-iumi

189 3831 434 3900 (erectum
475 3852 517 3884 a.
561 3832 696 3886 1623
735 3852 763 3884 a
803 3831 954 3885 Card.
994 3829 1150 3886 Petro
1189 3830 1454 3905 Pazmany
1501 3833 1746 3906 Archiep.
1799 3831 2172 3905 Strigoniensi,
2223 3850 2317 3903 pro
2356 3830 2570 3885 Clericis
