2670 4126
2451 157 2533 199 125

124 294 262 347 1863
301 291 582 346 universim
632 291 758 369 939]
817 313 859 347 a.
901 291 1038 346 1862
1076 288 1214 343 univ,
1253 289 1376 354 259,
1435 306 1465 339 a
1516 289 1561 340 1.
1600 286 1719 340 Jan.
1777 287 1915 340 1863
1967 286 2033 338 ad
2089 288 2171 338 15.
2223 286 2350 358 Apr.
2392 288 2532 340 1863

18 419 24 425 «
118 399 240 434 vero
294 381 394 434 132
432 387 550 432 sunt
585 379 726 432 inita.
801 373 944 444 Quot
993 375 1363 430 contrahantur
1401 383 1548 427 matr.
1601 375 1764 426 mixta
1802 394 1919 427 cum
1958 374 2157 426 educat.
2210 375 2373 425 acath.
2422 376 2532 427 sive

118 467 279 520 mixta
330 466 464 538 apud
516 465 727 520 Curiam
777 465 1071 536 ignoratur,
1136 462 1328 534 quippe
1380 480 1510 532 quae
1560 480 1653 533 pro
1709 462 1789 512 his
1849 462 2143 533 dispensare
2207 480 2313 515 non
2371 464 2532 532 possit

118 572 284 624 neque
339 554 437 606 sibi
492 553 673 607 referri
729 553 795 605 ob
851 552 983 604 hanc
1032 569 1235 603 causam
1294 549 1494 618 jubeat.
1546 547 1960 619 Dispensatioues
2010 549 2074 601 ab
2131 548 2252 621 imp.
2311 549 2532 607 matrim.

118 639 285 693 dirim.
324 640 472 694 datae
508 649 655 707 sunt,

188 747 232 780 a.
271 728 324 780 in
361 747 439 800 gr.
494 730 553 780 10
617 744 764 798 aequ.
817 727 955 779 affin.
1011 745 1054 781 a.
1099 726 1234 778 1862
1258 755 1325 764 —
1347 725 1430 790 64,
1467 742 1497 775 a
1526 724 1569 777 1.
1596 722 1714 776 Jan.
1743 722 1809 774 ad
1842 725 1919 775 15.
1947 723 2076 794 Apr.
2106 724 2245 777 1863
2278 755 2342 762 --
2369 725 2454 788 34,

189 815 237 869 1).
278 855 304 881 ,,
388 856 412 884 ,,
502 817 563 868 20
594 813 892 885 atting.1m-
919 812 1002 866 aff.
1034 853 1058 878 „
1178 851 1203 877 „
1356 812 1439 877 19,
1479 850 1505 877 „
1663 849 1688 874 ,,
1771 851 1795 876 ,,
2022 850 2048 876 ,,
2166 850 2192 876 ,,
2408 812 2458 877 3,

189 921 229 954 6.
279 943 303 970 ,,
386 943 411 970 ,,
501 904 563 955 20
613 919 761 972 aequ,
950 939 975 966 „
1042 939 1066 965 „
1172 939 1195 964 „
1353 900 1436 965 10,
1479 938 1504 964 „
1659 936 1684 962 n
1768 937 1792 962 ,,
2019 938 2045 964 ,,
2164 939 2189 965 ,,
2404 901 2453 965 2,

189 989 240 1041 (1.
279 1027 308 1055 „
390 1029 415 1056 „
505 990 567 1042 20
599 1005 747 1060 aequ.
769 1006 1012 1058 consang.
1043 1027 1067 1052 „
1166 1025 1191 1051 „
1313 987 1432 1048 126,
1477 1023 1502 1049 ,,
1659 1025 1683 1052 ,,
1767 1024 1790 1050 n
2022 1024 2046 1050 n
2167 1026 2190 1051 ,,
2372 987 2456 1053 35,

117 1076 355 1147 Ι)16Ρ6116.
394 1093 424 1128 a
461 1094 540 1146 gr.
581 1076 613 1128 3
654 1084 706 1129 61
741 1077 777 1128 4
803 1075 886 1127 aff.
925 1083 976 1127 et
1014 1091 1255 1143 consang.
1294 1071 1530 1143 singulae
1568 1090 1672 1124 non
1701 1070 2025 1125 adnotantur.
2101 1072 2175 1127 Ut
2199 1073 2528 1126 matrimonia

115 1162 290 1230 mixta,
329 1162 490 1215 multo
529 1163 693 1234 magis
732 1181 854 1216 vero
892 1161 1068 1215 civilia
1107 1160 1381 1225 evitentur,
1421 1158 1582 1214 Curia
1620 1158 1865 1210 facillima
1902 1176 2013 1210 esse
2052 1158 2205 1212 debet
2243 1160 2295 1211 in
2334 1161 2527 1213 utendo

114 1249 440 1303 facultatibus
480 1270 509 1302 a
546 1270 584 1303 S.
624 1251 747 1304 sede
785 1250 1037 1304 concessis
1088 1256 1139 1300 et
1175 1247 1230 1299 in
1269 1246 1556 1318 expetendo
1596 1245 2002 1317 dispensationes
2041 1265 2071 1297 a
2109 1266 2147 1302 s,
2185 1247 2319 1300 sede.

256 1336 599 1391 Matrimonia
634 1358 769 1391 mere
800 1338 975 1391 civilia
1013 1335 1152 1410 [lege
1182 1337 1248 1388 ·9.
1291 1333 1408 1388 Oct.
1453 1335 1592 1387 1860
1629 1341 1878 1386 statutum
1917 1342 2009 1401 est,
2062 1343 2133 1400 111,
2182 1334 2223 1386 si
2263 1334 2530 1388 denuntia-

114 1424 282 1477 tiones
319 1427 638 1480 matrimouii
674 1426 779 1497 leye
816 1426 955 1478 civili
987 1425 1227 1496 permissi
1263 1441 1293 1474 a
1330 1422 1557 1495 parocho
1598 1421 1924 1492 denegentur
1962 1429 2049 1473 aut
2085 1421 2221 1473 intra
2263 1424 2330 1475 14
2368 1423 2473 1475 dies
2502 1443 2532 1475 a

115 1511 234 1564 data
282 1513 525 1567 schedula
577 1512 732 1566 officii
784 1513 946 1565 civilis
987 1511 1314 1584 permittente
1353 1529 1458 1563 non
1496 1509 1638 1576 fiant,
1676 1509 1990 1562 matrimonii
2030 1510 2437 1563 denuntiationes
2479 1520 2531 1564 61

115 1599 225 1670 ipsa
283 1601 542 1671 copulatio
596 1619 691 1672 per
744 1599 994 1673 officiales
1047 1599 1218 1652 civiles
1272 1598 1384 1651 fieri
1440 1596 1659 1670 possint]
1718 1616 1761 1651 a.
1825 1598 1961 1651 1862
2023 1597 2267 1650 conclusa
2322 1607 2443 1650 sunt
2501 1601 2532 1651 9

121 1688 209 1758 (ex
251 1687 436 1758 quibus
474 1707 634 1741 unum
674 1688 812 1741 inter
850 1687 1024 1740 christ.
1062 1695 1114 1739 et
1144 1686 1434 1758 judaeum).
1554 1675 1561 1681 χ
1978 1688 1980 1690 ’

257 1773 499 1847 Reqistra
555 1775 890 1828 ecclesiastica
946 1774 1238 1847 baptismat.
1297 1782 1390 1828 cet.
1446 1793 1505 1827 eo
1562 1773 1673 1845 ipso
1729 1781 1849 1826 sunt
1899 1792 2105 1844 quoque
2153 1784 2314 1826 status
2366 1774 2531 1826 civilis

113 1863 342 1932 registra
379 1882 409 1914 a
433 1863 700 1935 republica
737 1863 937 1930 habita3
978 1863 1060 1916 cui
1096 1862 1308 1935 parochi
1349 1862 1626 1933 quotannis
1653 1861 1899 1914 tradunt:
1943 1863 1995 1933 1)
2023 1861 2318 1933 exemplum
2347 1862 2532 1915 horum

114 1949 469 2019 mgistrorum,
510 1950 568 2022 2)
607 1950 833 2003 indicem
871 1958 1111 2002 natorum
1151 1951 1264 2022 (pro
1305 1949 1501 2002 medico
1539 1950 1747 2021 publico
1787 1957 2000 2021 propter
2049 1949 2269 2002 variolas
2309 1949 2534 2002 inseren-

115 2036 219 2101 daS,
260 2037 315 2107 3)
342 2037 565 2090 indicem
595 2038 845 2107 juvenum
885 2038 1066 2090 aetatis
1105 2038 1177 2092 20
1214 2056 1406 2090 annum
1432 2037 1617 2108 atting.
1644 2045 1856 2109 propter
1893 2037 2083 2089 milites
2111 2037 2530 2104 conscribendOS,

112 2124 169 2194 4)
225 2123 444 2177 indicem
501 2124 728 2178 virorum
786 2127 871 2178 65.
929 2133 1081 2177 aetat.
1137 2144 1330 2178 annum
1367 2134 1808 2195 transgressorum
1860 2133 2080 2197 propter
2135 2125 2422 2179 libertatem
2466 2126 2529 2177 ab

111 2211 312 2263 auraria
351 2209 828 2284 (Grewerbsteuer),
871 2213 925 2284 5)
964 2212 1186 2266 indicem
1227 2222 1549 2266 mortuorum
1588 2213 1784 2266 medico
1822 2213 2030 2285 publico
2068 2222 2282 2286 propter
2320 2215 2528 2266 morbos

111 2297 461 2369 inquirendos,
847 2311 849 2313 ’

254 2385 354 2438 ΠΙ.
435 2387 479 2440 C
489 2387 508 2439 Z
520 2406 686 2451 erus.
762 2407 804 2439 a.
853 2387 1126 2442 Institutio.
1206 2390 1251 2440 1.
1291 2388 1590 2442 Seminaria
1635 2408 1920 2460 puerorum
1958 2390 1991 2443 2
2031 2407 2189 2441 unum
2230 2388 2371 2441 Frib.
2412 2408 2527 2442 cum

113 2474 217 2525 100
252 2474 465 2540 alumn.‚
521 2474 742 2528 alterum
781 2474 1105 2547 Sigmaring.
1161 2495 1277 2528 curn
1316 2479 1386 2529 26
1426 2477 1656 2544 alumnis,
1719 2477 1809 2548 qui
1846 2477 1901 2529 in
1938 2484 2158 2548 utroque
2196 2478 2528 2547 gymnasium

109 2560 249 2631 publ.
306 2562 652 2633 frequentant.
760 2565 810 2617 2.
884 2562 1067 2635 Colleq.
1122 2564 1264 2618 theol.
1320 2563 1600 2635 Friburgi‚
1681 2565 1736 2616 in
1794 2584 1896 2635 quo
1965 2564 2177 2617 studiosi
2236 2565 2529 2636 theologiae

111 2648 456 2701 universitatis
495 2649 769 2704 Badenses
808 2651 988 2704 vivunt
1027 2651 1146 2704 113.
1189 2652 1253 2724 (a.
1296 2653 1438 2706 1864
1463 2685 1531 2691 -—
1573 2653 1698 2723 129)
1737 2653 1832 2705 sub
1876 2654 1899 2704 1
1946 2651 2058 2704 Dir.
2100 2661 2150 2703 et
2188 2653 2219 2704 3
2258 2662 2528 2724 repetent„

114 2749 331 2805 quorum
370 2745 473 2803 est,
514 2737 757 2791 lectiones
796 2738 1120 2811 theologicas
1158 2747 1418 2810 repetere3
1458 2758 1593 2793 anno
1630 2739 1785 2793 tertio
1824 2747 2066 2793 currente
2103 2739 2317 2793 studiosi
2349 2748 2530 2793 tonsu-

110 2840 220 2874 ram
259 2831 311 2875 et
349 2825 385 2876 4
421 2824 607 2878 minor.
652 2825 762 2879 ord.
800 2828 1073 2901 recipiunt.
1149 2828 1196 2880 3.
1237 2827 1368 2881 Sem.
1409 2828 1573 2880 cleric.
1620 2827 1763 2880 Frib.
1803 2846 1919 2880 cum
1959 2829 1983 2880 1
2029 2826 2179 2898 Reg.,
2234 2830 2256 2880 1
2303 2829 2525 2898 subreg.‚

112 2910 144 2962 2
183 2919 378 2981 repet,
421 2913 444 2963 1
502 2930 676 2966 oecon.
717 2922 768 2966 et
804 2915 876 2968 48
917 2915 980 2968 al.
1035 2917 1101 2987 (a.
1145 2916 1283 2968 1864
1319 2933 1440 2968 vero
1480 2916 1590 2987 42),
1641 2916 1695 2967 in
1734 2935 1836 2987 quo
1874 2916 2195 2987 recipiuntur
2232 2915 2321 2986 qui
2359 2916 2527 2967 studia

113 2995 338 3067 theolog.
376 2999 704 3053 absolverunt
741 3009 794 3054 61
829 3021 926 3074 per
963 3021 1158 3056 annum
1198 3013 1598 3055 commorantur.
1674 3002 1779 3055 Pro
1817 3003 2092 3056 seminario
2132 3005 2329 3056 25.000
2365 3003 2415 3054 fl.
2457 3023 2523 3056 ex

114 3083 313 3136 aerario
372 3085 607 3139 solvendi
662 3097 782 3143 sunt
839 3090 1142 3160 (secundum
1199 3090 1393 3143 bullam
1455 3090 1788 3162 „Provida“),
1850 3091 1937 3162 qui
1988 3091 2179 3164 partim
2229 3090 2283 3143 in
2322 3098 2526 3143 natura—

114 3170 247 3222 libus
287 3171 488 3225 dantur.

257 3259 305 3311 b.
353 3258 551 3313 Titulus
587 3261 808 3316 ordinat.
819 3304 838 3329 ,
897 3265 988 3335 qui
1025 3266 1198 3337 viget,
1259 3274 1336 3319 est
1370 3265 1544 3337 fundi
1579 3266 1816 3320 ecclesiae
1853 3266 2160 3319 universalis
2199 3266 2358 3339 (num.
2399 3267 2518 3339 IX.)

115 3345 178 3396 ab
217 3346 442 3419 archiep.
492 3346 667 3415 datus3
717 3349 771 3402 in
818 3351 983 3422 princ.
1021 3351 1412 3407 Hohenzollern
1463 3353 1725 3408 interdum
1775 3353 2164 3408 communitates
2203 3355 2278 3407 tit.
2317 3373 2523 3408 mensae

115 3432 460 3500 constituunt3
487 3434 575 3487 tit.
613 3436 907 3506 patrimonii
945 3458 1093 3493 rarus
1134 3449 1224 3494 est.

258 3539 297 3572 6.
338 3519 646 3575 Sacerdotes
679 3527 874 3578 emeriti
911 3527 1086 3594 curati,
1128 3528 1306 3599 quiin
1343 3527 1599 3599 parochiis
1637 3528 1717 3581 vel
1758 3527 2015 3580 beneficiis
2055 3528 2281 3582 residere
2323 3529 2520 3598 nolunt,

114 3613 201 3658 aut
258 3625 323 3660 ex
379 3625 553 3662 eorum
608 3610 857 3665 fructibus
910 3614 1183 3684 pensiones
1218 3614 1553 3669 ‘sufficientes
1607 3623 1696 3668 aut
1750 3634 1814 3668 ex
1861 3614 2022 3669 fundo
2072 3616 2194 3669 eccl.
2244 3617 2520 3670 universali

114 3693 367 3764 recipiunt
472 3696 687 3764 DomuS‚
743 3698 797 3751 in
853 3718 955 3771 qua
991 3701 1167 3756 vivere
1203 3702 1419 3774 possint,
1458 3721 1563 3757 non
1603 3703 1805 3769 existit;
1846 3703 2159 3756 domicilium
2199 3722 2266 3756 ex
2303 3705 2518 3759 arbitrio

114 3779 319 3850 pendet.
393 3782 643 3838 Demeriti
690 3785 744 3838 in
794 3786 948 3841 domo
996 3790 1205 3861 speciali
1243 3823 1321 3863 -Γ
1363 3790 1713 3844 Discolorium
1752 3823 1818 3829 ——
1855 3791 2143 3844 retinentur
2192 3799 2243 3844 et
2292 3792 2514 3848 aluntur.

115 3866 219 3920 Pro
257 3870 626 3926 sustentatione
663 3874 848 3926 horum
901 3882 951 3928 et
985 3875 1192 3931 illorum
1230 3895 1428 3931 summa
1462 3897 1634 3931 annua
1671 3879 1836 3931 8.000
1873 3878 1922 3933 fl.
1962 3878 2214 3932 destinata
2253 3888 2343 3935 est.
