2670 4126
205 137 288 179 104

347 264 444 319 IV.
511 265 715 319 Cleru
731 285 770 316 s.
847 282 890 315 a.
932 262 1204 316 Institutio.
1293 281 1337 316 a.
1377 263 1726 318 Seminarium
1764 265 2031 321 Eichstett.
2069 270 2122 324 in
2159 291 2260 344 quo
2296 273 2611 347 recipiuntur

201 354 350 425 pueri
406 363 458 407 et
513 372 677 424 usque
733 350 798 402 ad
854 349 1081 422 presbyt.
1138 338 1435 405 educantur.
1511 351 1714 407 Classes
1753 353 1936 408 latinas
1975 363 2028 409 et
2065 375 2299 429 gymnas.
2337 361 2391 414 in
2429 361 2609 415 schola
2657 420 2661 427 ,

203 442 290 496 lat.
329 462 460 515 resp.
500 462 574 513 gy
575 460 680 494 mn.
717 439 860 512 publ.
898 439 1258 510 frequentant3
1298 439 1677 511 philosophiam
1717 447 1770 492 et
1805 440 2034 514 theolog.
2062 443 2118 496 in
2143 448 2428 517 seminario,
2468 449 2607 522 quod

200 530 357 584 habet
411 530 635 603 Lyceum
692 526 838 603 episc.
896 546 1012 580 cum
1066 526 1213 580 Rect.
1271 535 1322 580 et
1383 530 1413 580 5
1462 527 1684 581 ProfeSS.
1771 527 2026 584 Seminar.
2064 531 2221 585 habet
2255 532 2405 607 Reg.,
2442 536 2607 590 Praef-

201 617 437 683 musicae,
501 617 570 668 10
621 615 856 668 alumnos
909 614 1054 680 diac„
1115 615 1182 668 32
1234 614 1477 687 acolyth.‚
1533 616 1565 667 5
1605 624 1734 669 tons,
1772 615 1944 687 philos
1983 618 2207 686 studios,
2265 622 2327 674 51
2367 623 2599 678 scholar.

200 724 380 777 gymn.
421 711 471 756 et
507 703 669 755 schol.
708 702 815 769 lat.,
874 702 926 754 in
965 721 1163 755 summa
1202 704 1286 756 98.
1378 701 1660 757 Praeterea
1699 703 1730 756 3
1769 702 1926 756 theol·
1979 713 2031 759 et
2079 708 2112 759 6
2150 706 2332 778 philos
2383 709 2511 767 stud.
2549 709 2604 763 in

202 791 407 845 civitate
446 789 659 860 degunt.
735 788 1084 844 Seminarium
1122 789 1279 842 habet
1316 789 1537 842 fundum
1578 791 1806 843 122.859
1829 789 1880 842 fl.
1920 792 1972 863 (e
2009 793 2195 864 quibus
2232 813 2330 866 pro
2368 802 2603 867 tempore

202 886 401 931 tantum
443 878 636 930 13.590
673 877 912 930 oneribus
950 875 1171 929 reditum
1209 877 1316 929 fere
1353 876 1760 947 exaequantibus
1799 885 1918 930 sunt
1954 879 2144 953 liberi),
2197 902 2227 934 a
2264 881 2516 954 gubernio
2550 881 2607 935 vi

203 964 558 1039 compromissi
588 964 847 1035 judicialis
883 967 917 1019 2
955 963 1108 1016 Mart.
1152 963 1290 1016 1847
1330 982 1526 1017 annuos
1577 966 1718 1018 2942
1756 964 1806 1018 fl.
1856 965 1934 1020 rh.
1984 967 2419 1024 Seminaristicum
2471 989 2607 1026 sum·

202 1073 340 1107 mam
377 1071 601 1106 annuam
639 1052 746 1106 274
782 1051 831 1105 fl.
873 1051 974 1103 dat.

347 1142 395 1196 b.
456 1141 655 1195 Titulus
703 1141 1044 1195 ordinationis
1080 1140 1190 1193 fere
1229 1140 1370 1193 solus
1410 1149 1487 1194 est
1523 1161 1725 1196 mensae
1759 1145 1947 1215 reqiae.
2027 1144 2050 1196 1
2093 1162 2192 1197 sac.
2231 1144 2391 1199 ordin.
2432 1151 2508 1198 est
2541 1143 2607 1198 ad

444 1229 755 1302 patrimonii,
797 1231 828 1282 6
867 1228 1066 1282 Romae
1103 1227 1168 1279 ad
1205 1228 1282 1281 tit.
1320 1228 1593 1297 missionis,
1648 1231 1672 1282 1
1718 1229 1784 1282 ad
1821 1230 1896 1284 tit.
1932 1249 2140 1284 mensae
2177 1231 2278 1284 dat.
2316 1250 2346 1284 a
2385 1232 2606 1304 quadam

447 1317 664 1370 civitate.

349 1425 391 1458 c.
444 1405 560 1458 Sao.
613 1406 806 1457 emeriti
855 1421 883 1454 e
920 1403 1098 1475 fundo
1135 1407 1456 1458 emeritorum
1509 1405 1729 1478 (domUS,
1786 1406 1873 1459 ubi
1913 1407 2102 1479 degere
2138 1413 2369 1479 possunt,
2425 1406 2606 1480 deest),

447 1494 591 1564 cujus
629 1492 822 1545 reditus
861 1492 928 1544 ad
968 1491 1089 1545 circ.
1127 1494 1284 1546 6292
1323 1492 1373 1545 fi.
1413 1492 1618 1560 sufficit,
1658 1493 1845 1566 partim
1884 1495 1992 1547 400
2027 1495 2078 1547 fl.
2118 1494 2384 1567 recipiunt,
2419 1495 2606 1568 partim
2646 1563 2649 1564 ⁷

447 1581 756 1651 adjuvantm
797 1581 1020 1651 (summa
1058 1581 1166 1634 300
1203 1580 1253 1633 fl.
1291 1580 1377 1634 vel
1416 1580 1641 1654 minori),
1680 1589 1738 1634 ut
1775 1589 2155 1654 cooperatorem
2192 1581 2290 1634 sibi
2325 1581 2609 1654 adjungere

447 1686 566 1739 poss
543 1667 659 1718 sint.
736 1665 819 1718 Ex
871 1666 1053 1719 eodem
1103 1666 1261 1719 fundo
1313 1667 1577 1734 beneficia,
1630 1687 1852 1740 quorum
1891 1669 2082 1724 dotatio
2119 1669 2288 1724 minor
2323 1677 2414 1738 est,
2466 1669 2608 1742 adju-

448 1764 647 1824 vantur,
687 1744 913 1828 denique
951 1755 1337 1809 necessitatibus
1363 1756 1687 1809 sacerdotum
1726 1756 1942 1828 (morbis
1969 1758 2083 1828 cet.)
2121 1756 2398 1810 subitaneis
2436 1774 2610 1811 occur-

448 1844 594 1896 ritur.
668 1843 734 1896 In
772 1843 1131 1897 schematismo
1170 1851 1406 1896 accurata
1445 1843 1682 1897 redditur
1719 1844 1862 1898 ratio.

350 1932 397 1984 d.
438 1931 686 1984 Demeriti
722 1940 810 1984 aut
859 1931 1020 1984 solam
1058 1931 1194 1984 tituli
1233 1932 1363 2003 (104
1399 1931 1473 2001 fl.)
1524 1939 1612 1984 aut
1649 1931 1857 2005 duplam
1897 1931 2031 1985 tituli
2069 1950 2320 1985 summam
2357 1931 2611 2004 recipiunt

444 2027 532 2071 aut
557 2019 610 2071 in
648 2018 969 2071 monasteriis
998 2018 1316 2072 collocantur
1354 2017 1418 2069 ad
1445 2018 1849 2089 resipiscendum
1875 2027 1926 2072 et
1951 2019 2255 2091 inspectioni
2293 2018 2608 2073 decanorum

445 2107 891 2178 parochorumque
918 2106 1315 2175 subjunguntur,
1345 2104 1398 2156 in
1423 2123 1641 2175 quorum
1668 2105 1980 2159 districtibus
2005 2106 2316 2160 domicilium
2344 2105 2610 2158 collocant.

349 2213 390 2247 e.
441 2193 631 2247 Status.
706 2193 821 2249 Sac.
874 2211 1002 2246 saec.
1061 2194 1184 2259 369,
1240 2211 1349 2263 reg.
1407 2193 1493 2260 31,
1550 2193 1582 2245 i.
1635 2213 1673 2246 S.
1724 2195 1846 2247 400.
1921 2194 2037 2251 Sac.
2075 2194 2129 2246 in
2168 2212 2287 2246 cura
2324 2193 2609 2245 animarum

449 2285 570 2350 342,
611 2291 759 2336 extra
798 2283 955 2336 dioec.
996 2284 1046 2350 8,
1085 2300 1201 2335 neo-
1184 2281 1316 2334 -.ord
1358 2282 1547 2353 (1862)
1586 2284 1635 2349 9,
1674 2283 1862 2336 mortui
1902 2283 1986 2349 16,
2026 2281 2222 2335 dimissi
2258 2283 2308 2347 8,
2346 2279 2538 2352 recepti
2576 2282 2609 2333 9

448 2373 712 2441 (numerus
765 2370 1045 2423 diminutus
1097 2369 1162 2422 ad
1214 2370 1284 2439 6),
1331 2369 1483 2439 jubil.
1527 2371 1572 2434 1,
1628 2369 1829 2422 emeriti
1882 2371 1950 2422 10
2000 2370 2159 2440 (anno
2213 2370 2350 2422 1865
2390 2373 2612 2440 quatuor

454 2461 640 2511 50mum
679 2458 952 2512 sacerdotii
990 2476 1181 2510 annum
1222 2456 1518 2528 attingent).

349 2552 415 2605 V.
472 2553 867 2626 Reyulares.
943 2553 1012 2604 A.
1052 2551 1313 2623 Reliyiosi.
1394 2551 1438 2603 1.
1478 2550 1705 2604 Reform.
1744 2553 1777 2604 2
1817 2569 1977 2618 conv.,
2016 2553 2049 2604 2
2076 2549 2252 2622 hosp.,
2291 2550 2363 2603 20
2386 2567 2455 2616 s.,
2493 2545 2610 2601 301.

207 2660 340 2707 now,
380 2642 450 2694 28
489 2640 548 2693 L.
587 2660 636 2713 p.
678 2642 701 2694 1
746 2660 895 2707 nov.,
936 2640 967 2693 i.
1008 2659 1046 2693 s.
1088 2642 1170 2694 52.
2415 2701 2419 2704 ,

350 2726 399 2781 2.
442 2728 632 2799 Capua.
671 2730 703 2781 2
742 2747 920 2795 conw,
965 2729 1021 2780 11
1068 2747 1136 2794 S.,
1178 2729 1210 2780 9
1249 2726 1310 2779 L.
1350 2716 1398 2798 p.
1440 2727 1472 2779 3
1512 2744 1656 2794 nov.,
1708 2726 1740 2779 i.
1779 2745 1819 2780 s.
1857 2727 1942 2781 23.
2017 2727 2232 2781 Summa
2269 2724 2354 2778 75.

350 2836 411 2889 B.
449 2835 750 2908 Reliyiosae.
827 2838 881 2908 1)
922 2836 1116 2891 Bened.
1158 2838 1180 2889 1
1227 2855 1323 2903 m.,
1361 2837 1432 2890 43
1471 2836 1676 2888 monial.
1750 2836 1806 2907 2)
1845 2834 1960 2892 Sor.
1995 2855 2149 2909 paup.
2173 2834 2331 2888 schol.
2357 2832 2422 2887 de
2446 2831 2513 2886 N.
2538 2831 2608 2886 D.

211 2924 243 2977 7
282 2923 348 2991 d.,
388 2924 455 2977 63
494 2943 534 2975 s.
610 2924 664 2995 3)
705 2924 818 2980 Sor.
860 2924 915 2979 S.
955 2924 1106 2979 Vino.
1145 2924 1180 2976 4
1219 2923 1298 2990 d.,
1360 2924 1443 2976 16.
1516 2923 1574 2994 4)
1614 2922 1802 2975 Franc.
1840 2923 1888 2976 3.
1929 2922 2056 2978 Ord.
2095 2919 2431 2994 (Pirmasens)
2469 2920 2507 2972 4
2543 2919 2608 2986 d.,

211 3013 294 3066 13.
371 3012 425 3084 5)
465 3010 582 3066 Sor.
619 3009 717 3066 SS.
744 3010 1013 3065 Salvator.
1057 3014 1080 3065 1
1129 3011 1206 3079 d.,
1246 3013 1279 3064 6
1317 3030 1355 3063 s,
1394 3042 1465 3050 —
1515 3009 1731 3062 Summa
1771 3010 1888 3062 141.

1022 3099 1240 3152 Summa
1276 3097 1620 3169 Reqularium
1673 3097 1793 3150 216.

350 3191 447 3244 VI.
495 3191 639 3245 Unus
675 3191 909 3245 sacerdos
947 3204 1015 3246 est
1052 3193 1128 3246 ad
1167 3192 1447 3247 Catholicos
1486 3190 1607 3244 387.

542 3322 568 3349 ‚,
609 3299 712 3334 sae.
749 3292 913 3333 curat.
951 3322 977 3349 ,‚
1059 3321 1085 3348 „
1309 3320 1337 3347 „
1473 3278 1595 3330 458.

538 3411 564 3437 ,,
606 3368 863 3441 reyularis
953 3410 979 3436 „
1062 3409 1087 3436 „
1313 3407 1339 3434 „
1473 3365 1594 3419 726.

354 3477 478 3530 VII.
534 3477 809 3550 Beneficia.
886 3479 932 3532 1.
995 3476 1163 3548 Capit.
1200 3450 1210 3454 -
1237 3474 1380 3528 Eccl.
1419 3472 1664 3531 Cathedr.
1703 3491 1820 3525 cum
1865 3472 2052 3544 Praep.
2062 3513 2081 3539 ,
2120 3471 2270 3536 Dec„
2316 3471 2352 3523 8
2388 3467 2531 3535 Gan„
2569 3471 2604 3521 6

209 3565 361 3617 vicar.
436 3565 518 3618 De
543 3567 839 3636 provisione
891 3563 1009 3618 vide
1058 3567 1105 3632 ξ.
1145 3564 1335 3616 62.“’Β.’
1370 3563 1418 3614 3.
1491 3559 1823 3614 Praebendae
1857 3558 1919 3612 P.
1968 3568 2020 3613 et
2053 3558 2121 3612 D.
2171 3563 2203 3612 a
2238 3557 2398 3611 2.500
2432 3555 2512 3622 fl.,
2567 3557 2604 3608 4

209 3671 317 3705 can.
356 3656 389 3706 a
428 3654 601 3720 1.600,
639 3654 676 3705 4
714 3657 744 3705 a
785 3653 942 3705 1.400
977 3651 1047 3718 fl.‚
1086 3652 1118 3705 3
1157 3650 1310 3703 vicar.
1348 3656 1379 3704 a
1417 3650 1539 3715 800,
1590 3648 1623 3700 3
1661 3651 1692 3699 a
1730 3649 1835 3700 600
1870 3646 1922 3699 fl.

353 3742 401 3793 2.
440 3740 582 3793 Alia.
656 3738 774 3792 Par.
814 3747 866 3792 et
904 3758 1008 3792 cur.
1047 3739 1169 3804 202,
1224 3737 1341 3790 ben.
1381 3739 1454 3790 ’61
1519 3735 1674 3808 (inter
1724 3752 1855 3806 quae
1893 3734 1963 3786 10
1996 3730 2162 3802 simpl.
2178 3769 2191 3796 ,
2248 3729 2434 3801 quibus
2469 3728 2602 3781 offic.

209 3832 409 3878 tantum
446 3846 484 3880 s.
523 3825 730 3880 missam
769 3824 1099 3899 persolvendi
1135 3823 1400 3890 incumbit3
1441 3823 1525 3890 18,
1563 3839 1783 3893 quorum
1810 3819 1975 3875 benef.
2016 3835 2143 3890 „pro
2178 3819 2363 3889 posse“
2403 3823 2602 3870 tantum
