2670 4126
123 115 175 158 12

118 265 292 318 neque
331 256 466 302 certa
505 268 725 323 persona
764 247 992 320 obligata
1043 258 1133 303 est.
1208 251 1484 306 Praeterea
1533 273 1703 323 onera,
1765 273 1898 326 quae
1953 255 2112 328 ipsius
2168 258 2317 312 fundi
2375 260 2520 314 bonis

116 333 400 403 imminent,
440 337 662 408 exempli
701 335 868 406 gratia
905 354 1061 389 onera
1090 339 1220 409 juris
1257 348 1557 411 patronatus
1596 350 1705 408 cet.‚
1745 341 2002 414 portanda
2037 353 2170 398 sunt.

259 420 332 477 Π.
387 423 600 476 Fundus
636 423 935 489 studiorum,
982 426 1250 497 formatus
1309 427 1482 500 [resol.
1521 428 1655 500 Imp.
1695 429 1890 482 Mariae
1934 429 2211 484 Theresiae
2260 434 2344 486 23.
2390 434 2519 488 Dec.
2583 455 2586 457 ’

120 508 278 582 1774]
319 530 346 563 0
382 511 529 563 bonis
568 509 910 580 collegiorum
947 511 1215 566 Societatis
1253 513 1382 568 Jesu
1420 535 1450 566 a
1490 516 1654 571 Glem.
1692 516 1751 568 Ρ.
1791 516 1940 569 XIV.
1979 536 2282 590 suppressae
2319 529 2371 574 et
2411 521 2519 575 aliis

114 603 291 667 postea
348 597 395 651 ei
449 597 790 670 incorporatis
850 599 1011 667 boniS‚
1068 600 1346 654 destinatus
1401 602 1499 655 fuit
1554 603 1619 656 ad
1678 603 2034 656 sustentandas
2084 605 2168 657 vel
2205 605 2525 678 adjuvandas·

115 682 470 738 universitates
527 693 577 737 et
633 686 921 756 gymnasia.
1007 685 1073 739 In
1129 696 1329 740 tantum
1382 709 1586 760 quoque
1644 692 1931 762 complures
1988 691 2258 745 sufficiunt.
2330 691 2522 750 Postea

114 789 233 822 vero
273 779 323 823 et
358 771 647 825 scholarum
688 773 920 841 realium,
960 774 1445 846 polytechnicarum
1485 786 1580 830 cet.
1620 777 1883 848 impensae
1920 777 1982 830 iis
2023 779 2196 831 fundis
2234 779 2521 851 assignatae

114 866 246 924 sunt,
285 858 355 909 ita
391 867 462 926 ut,
503 868 718 932 excepto
755 861 916 914 fundo
958 862 1199 915 Austriae
1238 882 1423 934 super„
1463 864 1642 917 nullns
1686 863 1988 931 „sufficiat“,
2027 866 2116 918 sed
2155 865 2347 937 ubique
2385 886 2520 922 aera-

112 944 244 997 rium
283 946 531 1019 supplere
569 947 768 1015 debeat,
810 968 940 1020 quae
978 949 1177 1003 desunt.
1271 950 1356 1003 De
1396 949 1619 1006 dominio
1656 952 1792 1005 idem
1831 950 2105 1004 dicendum
2144 961 2236 1020 est,
2279 953 2416 1025 quod
2454 953 2526 1008 de·

112 1032 268 1084 fundo
305 1033 469 1103 relig„
508 1035 550 1086 si
588 1053 648 1087 ea
686 1034 818 1088 bona
856 1037 1117 1108 respiciaS‚
1158 1057 1307 1109 quae,
1348 1057 1507 1109 quum
1543 1039 1707 1092 fundo
1746 1039 2069 1110 incorporata
2107 1040 2227 1107 sint,
2267 1041 2322 1093 in
2361 1041 2517 1096 eccle-

111 1118 215 1171 siae
272 1119 498 1174 dominio
561 1130 720 1175 erant.
794 1122 1010 1176 Fundus
1070 1124 1494 1178 administrantur
1549 1145 1579 1178 a
1632 1126 1916 1180 GuberniO.
2026 1127 2159 1180 Vide
2217 1128 2519 1182 concordati

110 1206 252 1259 artic.
291 1206 501 1262 XXXI.

253 1293 537 1366 Utriusque
574 1297 719 1349 fundi
761 1297 1043 1370 dispositio,
1095 1298 1148 1350 id
1187 1299 1326 1370 quod
1363 1317 1429 1351 ex
1467 1318 1645 1352 00111111
1682 1307 1818 1352 statu
1857 1308 1910 1353 et
1947 1300 2128 1354 debitis
2178 1300 2330 1354 facile
2365 1321 2518 1374 appa·

108 1388 202 1448 ret,
258 1390 374 1453 post
429 1402 620 1436 annum
679 1386 813 1437 1861
875 1386 1029 1438 etiam
1085 1407 1115 1438 a
1174 1385 1423 1453 „Consilii
1476 1386 1725 1460 Imperii“
1789 1387 2139 1460 (Reichsrath)
2197 1387 2518 1442 resolutioni-

109 1468 202 1521 bus
242 1469 451 1541 pendet.

1207 1621 1251 1687 §·
1329 1619 1412 1671 10.

667 1740 954 1796 Bonorum
998 1739 1497 1797 ecclesiasticorum
1542 1743 1957 1799 administratio.

251 1883 321 1936 Vi
358 1885 561 1938 articuli
598 1884 778 1937 XXX.
820 1885 1134 1939 Concordati
1171 1893 1324 1938 austr.
1365 1893 1418 1939 et
1454 1886 1780 1939 resolutionis
1819 1905 2087 1958 supremae
2126 1887 2228 1940 diei
2257 1889 2304 1941 3.
2332 1887 2515 1943 Octob.

111 1972 249 2024 1858
305 1971 509 2025 decreta
559 1972 621 2024 ab
661 1973 927 2044 Episcopis
966 1992 1009 2025 a.
1069 1974 1205 2026 1856
1243 1972 1480 2026 Viennae
1518 1973 1951 2027 commorantibus
1993 1973 2257 2046 [contenta
2292 1975 2345 2027 in
2387 1976 2512 2029 actis

105 2057 260 2128 hujus
288 2067 564 2112 conventus
603 2079 742 2112 num.
771 2060 914 2113 LXI.
942 2059 1068 2114 etin
1105 2059 1289 2112 litteris
1329 2059 1393 2112 ad
1431 2060 1624 2114 Minist.
1665 2060 1849 2116 Cultus
1893 2062 1972 2114 16.
2012 2060 2050 2115 J
2053 2080 2136 2114 un.
2179 2063 2318 2116 1856
2356 2062 2515 2137 datis]

104 2146 239 2198 facta
290 2147 588 2200 auctoritate
638 2146 775 2199 civili
825 2147 1175 2199 confirmantis
1226 2148 1481 2200 bonorum
1519 2148 1982 2202 ecclesiasticorum
2037 2149 2391 2219 (ecclesiarum
2427 2169 2516 2222 pa—

102 2233 275 2300 roch.‚
333 2234 571 2301 filiarum,
629 2235 846 2287 aliarum
896 2234 1118 2287 fabricae
1157 2235 1277 2306 cet.)
1335 2234 1712 2288 administratio
1763 2236 1956 2306 ubique
1983 2236 2230 2306 parochis
2267 2236 2518 2290 tradenda

104 2328 228 2373 erat.
303 2320 518 2375 Statutis
557 2322 961 2394 provincialibus
1000 2331 1051 2375 et
1090 2322 1402 2374 dioecesanis
1440 2322 1676 2394 parochis
1706 2331 1876 2375 certus
1902 2323 2278 2393 magistrorum
2294 2324 2516 2378 fabricae

103 2425 132 2460 e
169 2408 496 2478 parochianis
536 2407 899 2478 eligendorum
951 2416 1003 2461 et
1053 2408 1116 2460 ab
1170 2408 1451 2462 Ordinario
1509 2409 1976 2463 confirmandorum
2033 2429 2277 2463 numerus
2334 2410 2516 2479 ad1un-

104 2495 259 2566 gitur.
365 2495 509 2548 Haec
562 2496 954 2548 administrandi
1009 2496 1177 2549 forma
1232 2496 1287 2547 in
1343 2480 1676 2564 dioecesibUS‚
1742 2516 1873 2568 quae
1931 2497 2302 2564 describentur,
2357 2497 2514 2567 viget,

105 2584 325 2653 exceptis
379 2595 601 2656 quatuor
651 2587 952 2655 provinciae
1006 2583 1298 2655 Prayensis.
1390 2582 1495 2636 Pro
1537 2583 1720 2654 quibus
1760 2603 1918 2654 quum
1957 2603 2090 2636 anno
2129 2584 2335 2638 demum
2373 2585 2508 2637 1861

105 2677 337 2723 vertente
373 2669 754 2743 Episcoporum
806 2671 1215 2724 ordinationibus
1267 2669 1483 2722 Patroni
1538 2671 1675 2722 bona
1712 2670 1919 2722 tradere
1955 2670 2195 2742 parochis
2226 2669 2359 2739 jussi
2394 2660 2512 2735 sint,

102 2775 320 2827 magnus
358 2756 709 2811 Patronorum·
739 2777 982 2812 numerus
1020 2758 1073 2811 in
1117 2757 1319 2813 „Domo
1353 2756 1725 2809 Dominorum“
1768 2757 2239 2830 interpellationem
2263 2756 2511 2821 fecerunt,

105 2863 208 2916 qua
243 2845 436 2897 factum
475 2853 567 2912 est,
625 2854 683 2898 ut
720 2845 1064 2899 Ministerium
1102 2863 1209 2898 non
1248 2843 1399 2896 modo
1454 2838 1700 2913 patronos
1751 2843 1858 2896 ullo
1894 2843 2047 2897 modo
2100 2842 2163 2895 ad
2201 2841 2512 2895 tradendum

103 2950 291 3002 cogere
340 2932 432 2984 sed
483 2932 673 2985 directe
710 2933 974 3004 episcopos
1025 2932 1270 3002 adjuvare
1305 2930 1635 3000 recusaverit.
1723 2929 1878 2984 Unde
1918 2929 2107 2997 evenit,
2145 2937 2204 2982 ut
2242 2946 2406 2999 usque
2444 2927 2511 2980 ad

103 3018 200 3070 hoc
231 3027 549 3072 momentum
576 3019 715 3090 aqud
739 3038 927 3090 paucas
955 3027 1153 3071 tantum
1181 3016 1421 3071 ecclesias
1453 3016 1828 3069 administratio
1862 3016 2106 3069 canonica
2142 3016 2334 3086 vigeat,
2373 3013 2511 3087 apud

101 3106 374 3178 plerasque
423 3125 549 3159 vero
608 3106 755 3172 bona,
813 3114 871 3158 ut
907 3115 1072 3172 antea,
1124 3103 1550 3157 administrentur
1600 3122 1631 3155 a
1668 3111 1886 3174 patrono
1937 3103 2080 3170 laicO‚
2139 3103 2363 3174 parocho
2406 3106 2521 3171 non

101 3193 495 3259 interveniente,
550 3192 853 3264 inspiciente
907 3200 1104 3244 tantum
1162 3190 1392 3257 DecanO,
1451 3189 1771 3245 Consistorio
1829 3197 1882 3242 et
1933 3182 2216 3244 Gubernio.
2257 3221 2324 3228 -——
2360 3187 2510 3246 Bona

102 3299 312 3333 mensae
363 3280 667 3351 episcopalis
719 3281 782 3332 ab
821 3278 1109 3351 Episcopis‚
1150 3277 1506 3350 capitulorum,
1545 3276 1962 3349 corporationum
1999 3285 2050 3329 et
2087 3274 2507 3330 communitatum

102 3368 166 3420 ab
207 3367 286 3419 his
326 3367 447 3440 ipsis
487 3367 924 3420 administrantur.

1202 3495 1249 3560 ἓ.
1327 3493 1410 3545 11.

724 3603 818 3659 De
862 3600 1066 3657 scholis
1109 3600 1305 3655 mediis
1349 3606 1403 3653 et
1446 3597 1878 3654 elementaribus.

240 3718 297 3802 v1.
336 3751 477 3815 Quot
513 3749 788 3822 gymnasia
838 3756 886 3800 et
925 3747 1130 3801 scholae
1165 3745 1331 3799 reales
1382 3745 1447 3796 ab
1484 3743 1766 3798 Ordinibus
1815 3742 2138 3816 regularibus
2174 3748 2436 3811 regantur,
2474 3758 2504 3793 e

106 3836 292 3890 tabulis
329 3841 375 3906 ξ.
418 3840 497 3890 15.
527 3841 610 3892 16,
647 3837 824 3909 positis
851 3842 1079 3908 apparet.
1155 3832 1389 3899 Quarum
1413 3830 1724 3899 scholarum,
1763 3831 1806 3884 si
1829 3839 1888 3889 ut
1909 3829 2151 3903 publicae
2186 3847 2218 3880 a
2241 3826 2504 3899 republica
