2670 4126
216 189 271 231 96

1316 325 1366 391 ς.
1429 327 1515 380 66.

1045 444 1138 500 De
1179 446 1374 518 fundis
1413 450 1776 516 qeneralibus.

355 592 538 662 Neque
587 610 682 662 pro
732 609 895 661 regno
946 609 1112 662 neque
1162 611 1258 664 pro
1318 593 1534 664 singulis
1590 596 1864 667 provinciis
1921 608 2009 651 aut
2058 599 2373 657 dioecesibus
2421 605 2609 659 fundus

210 680 466 752 generalis
503 677 835 731 subsidiarius
874 678 950 750 (ὃ.
989 680 1063 750 9.)
1102 679 1288 732 existit.
1362 681 1428 732 In
1478 681 1675 752 aliquot
1726 683 2041 738 dioecesibus
2091 687 2283 741 similes
2335 683 2487 745 fundi
2533 691 2610 746 in·

210 768 500 822 veniuntur.
575 766 640 818 In
678 765 898 818 dioecesi
921 764 1234 837 Auyustana
1258 765 1402 819 adest
1413 768 1624 838 fundus
1648 769 1910 841 reliyionis
1933 775 2159 827 suevicae
2183 775 2270 847 (ab
2292 775 2604 848 imperatore

201 855 439 925 ,Josepho
475 853 548 905 II.
587 853 652 905 ad
690 871 896 906 normas
933 871 1085 923 supra
1130 854 1198 924 (ξ.
1233 854 1305 924 9.)
1344 856 1605 926 expositas
1644 856 1915 930 formatus)
1954 878 2050 931 pro
2088 861 2321 934 partibus
2361 863 2612 924 dioecesis

209 942 328 995 olim
366 941 647 1004 austriaciS,
688 940 791 1011 qui,
831 959 987 1010 quum
1015 939 1077 992 de
1108 939 1298 992 finibus
1331 960 1482 995 curae
1507 944 1808 1011 animarum,
1847 964 1927 998 ex,
1954 965 2031 1018 gr.
2059 938 2319 1003 Beneficiis
2345 951 2611 1022 parochia·

208 1031 340 1083 libus
370 1029 674 1099 adjuvandis
698 1037 910 1100 agatur,
949 1027 1232 1080 subsidium
1257 1029 1483 1099 praebet.
1557 1029 1915 1085 Pro'dioecesi
1951 1033 2300 1091 Eichstettensi
2334 1055 2502 1109 usque
2539 1029 2609 1104 ad

207 1138 399 1171 annum
442 1118 579 1170 1857
628 1116 888 1188 pecuniae,
940 1132 1074 1186 quae
1126 1132 1191 1167 ex
1240 1114 1452 1169 diversis
1501 1136 1599 1189 pro
1651 1119 1793 1172 cultu
1844 1121 2195 1178 dedicatarum
2247 1109 2610 1180 fundationum*

205 1206 459 1259 reditibus
496 1213 826 1275 supererant,
879 1204 931 1254 in
969 1222 1122 1255 unam
1164 1223 1359 1256 cassam
1395 1205 1587 1259 relatae
1624 1207 1689 1259 ad
1726 1226 1811 1260 eas
1849 1208 2106 1280 impensas
2157 1210 2402 1266 dioecesis
2451 1212 2612 1275 eccle-

206 1294 433 1345 siasticas
471 1291 853 1356 tribuebantur,
912 1309 1042 1361 quae
1080 1290 1221 1343 nulla
1258 1292 1358 1344 alia
1397 1311 1553 1364 opera
1588 1294 1702 1347 fieri
1740 1303 1996 1367 poterant.
2071 1297 2173 1350 Illa
2210 1299 2418 1370 quidem
2468 1318 2611 1353 cassa
2668 1363 2670 1369 ¹

206 1381 435 1433 nondum
493 1379 692 1445 existit,
761 1396 988 1431 summae
1042 1396 1168 1431 vero
1221 1379 1363 1450 ipsae
1419 1381 1724 1453 perspicuae
1779 1383 2050 1438 habentur.
2158 1384 2387 1450 Quartae
2439 1394 2610 1458 partes

208 1470 297 1540 (25
340 1467 429 1538 ⁰s0)
486 1466 741 1519 redituum
790 1466 1167 1537 superfluorum
1218 1487 1450 1541 semper,
1509 1470 1551 1522 si
1601 1470 1869 1523 minimum
1919 1491 2117 1525 summa
2168 1475 2237 1526 50
2271 1474 2323 1526 fl.
2373 1474 2608 1547 supersit,

207 1556 527 1628 approbante
549 1554 712 1625 Rege,
752 1554 816 1606 ob
855 1574 1058 1606 causam
1100 1556 1565 1609 extraordinariam
1602 1557 1717 1629 plus
1756 1559 1959 1629 erogari
1995 1568 2163 1631 potest
2200 1560 2265 1613 ad
2301 1561 2427 1615 tales
2462 1561 2609 1615 fines.

207 1643 354 1709 Quae
402 1642 454 1694 in
505 1642 716 1713 reliquis
768 1642 1083 1696 dioecesibus
1133 1664 1196 1698 ex
1248 1646 1497 1699 reditibus
1555 1634 1915 1700 fundationum
1971 1657 2269 1721 supersunt,
2325 1649 2603 1704 secundum

204 1730 580 1782 ordinationem
635 1730 831 1800 regiam
889 1731 936 1783 d.
993 1734 1080 1787 24.
1138 1732 1307 1805 April.
1366 1734 1506 1787 1857
1560 1733 1674 1786 aliis
1729 1734 2050 1803 tribuuntur,
2118 1735 2182 1789 de
2241 1735 2424 1807 regula
2480 1754 2603 1789 vero

206 1818 365 1869 mutui
405 1817 571 1869 titulo.

1302 1983 1350 2047 g,
1425 1981 1508 2033 67.

665 2101 757 2156 De
802 2101 1274 2157 administratione
1318 2102 1573 2157 bonorum
1619 2102 2133 2158 ecclesiasticomm.

351 2251 396 2301 1.
435 2248 786 2301 Fundationes
824 2259 874 2300 et
912 2248 1177 2320 pecuniae,
1217 2267 1351 2319 qua-e
1389 2255 1666 2320 supersunt
1690 2265 1757 2300 ex
1783 2247 2244 2316 saecularisatione,
2283 2269 2313 2301 a
2336 2249 2600 2322 republica

203 2336 648 2401 administrantur,
706 2335 803 2387 nisi
859 2335 1231 2389 administratio
1287 2344 1474 2389 statuto
1525 2336 1636 2407 ipso
1688 2334 1948 2389 ordinario
2000 2335 2110 2388 sive
2158 2335 2310 2388 alicui
2355 2339 2602 2408 personae

203 2423 574 2476 ecclesiasticae
613 2423 731 2475 data
769 2422 846 2474 sit.

347 2514 395 2564 2.
451 2509 598 2562 Bona
647 2509 871 2562 fabricae
922 2509 1201 2562 secundum
1250 2510 1394 2579 leges
1445 2509 1620 2562 civiles
1671 2529 1698 2560 a
1750 2508 2198 2562 communitatibus
2247 2508 2328 2562 vel
2380 2508 2600 2580 collegio

203 2598 426 2668 quodam
464 2597 911 2662 administrantur,
973 2596 1111 2667 quod
1150 2595 1471 2667 componitur
1508 2615 1576 2649 ex
1612 2596 1769 2663 laiciS,
1808 2597 2062 2667 parochus
2100 2597 2145 2650 ei
2196 2615 2320 2650 vero
2370 2598 2601 2652 interest.

202 2686 464 2758 Inspectio
498 2684 796 2758 principalis
835 2684 1149 2756 reipublicae
1185 2683 1467 2750 addicitur,
1525 2684 1670 2753 cujus
1709 2692 1786 2736 est
1823 2684 2109 2756 approbare
2145 2684 2229 2738 vel
2279 2684 2602 2752 confirmare,

202 2791 541 2845 quaecunque
594 2771 1087 2825 administrationem
1130 2771 1596 2842 transgrediuntur.
1671 2771 2043 2844 Episcoporum
2073 2772 2159 2841 jus
2197 2770 2364 2824 adhuc
2401 2771 2457 2823 in
2492 2788 2601 2824 mo-

202 2861 398 2927 nendO,
437 2860 828 2914 remonstrando
867 2859 1110 2912 consistit.

348 2949 395 3000 3.
453 2946 600 3018 Lege
653 2946 803 3017 regni
855 2945 1227 2998 fundamentali
1275 2946 1408 2998 bona
1457 2944 1800 2997 ecclesiastica
1846 2945 2051 3015 integra
2100 2962 2212 2997 esse
2249 2943 2601 2997 conservanda

203 3054 369 3106 neque
419 3034 580 3107 ullam
631 3033 694 3085 ob
736 3053 940 3085 causam
979 3033 1044 3085 ad
1081 3033 1208 3086 fines
1248 3032 1458 3085 alterius
1507 3031 1833 3085 confessionis
1870 3031 1976 3084 sive
2012 3030 2076 3082 ad
2113 3030 2241 3083 alios
2278 3030 2407 3083 fines
2446 3048 2600 3101 quam

205 3123 386 3189 cultus,
422 3121 785 3186 instructioniS,
826 3120 1048 3172 caritatis
1088 3139 1202 3173 esse
1240 3118 1589 3173 convertenda
1625 3126 1702 3171 est
1738 3118 2003 3171 sancitum.

346 3212 396 3262 4.
435 3209 582 3262 Bona
618 3217 849 3278 tempore
885 3207 1078 3259 recenti
1117 3207 1367 3278 acquisita
1403 3224 1497 3278 pro
1534 3205 1818 3259 seminariis
1866 3222 2160 3276 puerorum,
2211 3201 2374 3256 fundo
2423 3202 2601 3256 emeri-

206 3306 389 3364 torum,
428 3295 642 3367 reliquis
681 3294 867 3346 finibus
906 3294 1148 3347 dioecesis
1187 3293 1518 3364 generalibus
1556 3292 1620 3344 ab
1658 3290 1945 3345 Ordinariis
1982 3289 2417 3343 administrantur.

1300 3457 1348 3519 §·
1425 3453 1509 3504 68.

1222 3573 1316 3629 De
1367 3571 1585 3629 scholi-s,

355 3733 401 3784 1.
457 3730 615 3785 Suam
667 3746 900 3800 quaeque
947 3724 1203 3800 parochia,
1259 3735 1317 3778 ut
1354 3726 1466 3779 fere
1501 3724 1576 3791 fit,
1627 3731 1678 3777 et
1715 3723 1908 3777 curatia
1944 3723 2100 3776 habet
2133 3720 2355 3774 scholam
2391 3720 2596 3774 elemen-

209 3828 370 3870 tarem
407 3836 522 3870 cum
558 3837 664 3871 uno
702 3824 790 3868 aut
825 3815 878 3867 in
916 3813 1116 3888 oppidis
1154 3813 1236 3864 vel
1273 3813 1551 3882 majoribus
1587 3811 1842 3883 parochiis
1889 3808 2121 3883 pluribus
2157 3807 2417 3879 magistris
2467 3807 2597 3879 (sive

210 3903 563 3972 „adstantibus
622 3903 874 3957 scholae“.
971 3903 1156 3973 Longe
1209 3900 1462 3973 plurimae
1519 3898 1724 3952 scholae
1777 3905 1882 3950 tam
1936 3913 2123 3967 pueros
2179 3913 2333 3966 quam
2391 3892 2592 3969 puellas
