2670 4126
439 825 701 877 Dioeeesis

309 1307 616 1379 Augustana
647 1311 684 1382 1)
743 1301 745 1303 ’

308 1409 683 1481 BambergenS.
711 1412 754 1483 2)

308 1512 723 1567 Wratislaviens.

306 1612 598 1669 BrixinenS.

304 1715 626 1771 Brunnensis

303 1816 659 1872 Budwieensis

304 1962 627 2017 Coloniensis

305 2063 593 2120 Culmensis

301 2166 659 2222 EiehstettenS.

303 2270 624 2325 Varmiensis

299 2414 635 2488 FriburgenS.

268 2540 273 2541 ff
298 2515 574 2571 Fuldensis

299 2617 608 2673 Goritiensis

299 2719 584 2774 Gureensis

297 2820 640 2876 Hildesiensis

295 2922 741 2994 Reginaehradee.

296 3023 603 3081 Labacensis

296 3124 586 3180 Lavantina

298 3225 688 3289 Litomericens.

296 3326 658 3401 LimburgenS.

295 3428 565 3486 Lineensis

297 3531 606 3605 Moguntina

296 3633 517 3689 Monaeo
533 3667 551 3675 -
562 3634 693 3689 Fris·

297 3734 572 3791 Monaster.

301 3836 628 3894 Olomucens.

299 3936 685 4014 OsnabrugenS.

872 834 1035 886 Bene-

858 1314 996 1367 1134
1081 1333 1186 1386 253

889 1418 994 1470 209

888 1619 993 1671 387

886 1724 994 1777 437

886 1826 988 1881 441

887 1972 991 2024 ’786
1005 1971 1052 2066 7)

885 2075 992 2127 240

884 2176 990 2229 263

888 2279 990 2330 129

884 2422 990 2474 974

885 2524 908 2575 1
924 2525 987 2577 12

882 2625 986 2678 203

815 2779 817 2781 ,
882 2726 986 2780 353

917 2829 985 2880 85

878 2928 983 2982 472

879 3030 983 3082 345

877 3131 937 3182 41
951 3131 984 3183 8

784 3280 797 3288 „
877 3233 984 3298 428

883 3334 990 3386 218
1052 3311 1054 3363 f

878 3434 985 3486 434

885 3535 987 3589 158
1052 3528 1054 3614 ἑ

915 3637 983 3690 35

879 3736 984 3791 356

880 3837 984 3892 596

877 3939 984 3993 226
1041 3919 1043 3922 ⁴

1074 836 1206 890 enef.
1239 843 1358 889 sunt

1403 1157 1455 1226 In
1403 1045 1455 1131 lite
1400 933 1454 1021 vel
1399 853 1451 908 in
1410 618 1453 810 contro-

1475 917 1526 1087 versia
1479 770 1523 892 sunt

1071 1277 1160 1318 fere
1191 1288 1337 1317 omnes

1226 1348 1324 1389 laio.
1432 1364 1496 1371 —

1161 1469 1232 1476 .-

857 1519 1028 1571 13014
1062 1527 1191 1581 longe
1220 1524 1359 1578 major
1395 1537 1499 1589 225
1521 1535 1562 1606 3)

1149 1597 1262 1639 pars.

1070 1731 1161 1779 fere
1191 1741 1340 1771 omnes

1104 1788 1310 1844 privator.
1320 1793 1327 1805 ‘'

1151 1861 1267 1903 idem

1185 1993 1218 2043 6
1456 1991 1497 2061 ⁸)

1089 2938 1180 2980 fere
1211 2951 1358 2980 omnes

1135 2997 1292 3051 privat.

1179 3054 1248 3106 77

1179 3155 1240 3208 71
1450 3183 1521 3191 -—-

1052 3199 1053 3231 1

1052 3239 1054 3290 7
1088 3246 1177 3288 fere
1208 3256 1355 3287 omnes

1139 3303 1295 3359 privat.

1195 3361 1228 3414 2
1484 3357 1515 3407 5

1178 3460 1247 3512 79

1179 3625 1511 3716 21'1

1131 3852 1326 3938 plurima
1455 3895 1517 3903 -

1897 528 2276 583 Annotationes

1662 691 1691 746 1)
1721 693 1856 734 Paeto
1896 692 2010 734 inter
2045 692 2317 736 Gubernium
2355 692 2605 734 bavarieum

1603 768 1647 806 et
1675 764 1913 819 Episcopos
1944 765 2159 806 Bavariae
2188 769 2399 807 statutum
2430 768 2517 817 est,
2559 769 2607 805 ut

1603 837 1809 890 beneficia
1844 843 1998 879 curata
2038 838 2175 879 omnis
2209 838 2380 891 qeneris
2419 837 2473 878 iis
2513 841 2608 878 tan-

1602 914 1695 951 tum
1726 910 2003 952 conferantur
2030 923 2144 965 resp.
2175 911 2233 952 ad
2263 924 2315 953 ea
2343 910 2408 951 ini
2437 914 2607 952 tantum

1602 987 1955 1037 praesententur,
1986 984 2061 1038 qui
2091 984 2139 1025 in
2170 985 2370 1026 examine
2400 998 2479 1038 pro
2511 997 2611 1024 eon-

1606 1070 1735 1098 eursu
1765 1056 1974 1111 pastorali
2006 1057 2159 1110 quovis
2190 1057 2368 1099 biennio
2408 1056 2608 1098 habendo

1605 1130 1838 1184 approbati
1866 1131 2041 1172 fuerint.
2101 1130 2171 1172 Ad
2198 1131 2283 1173 hoe
2313 1143 2497 1172 examen
2536 1129 2611 1170 ad-

1607 1204 1863 1257 mittuntur,
1906 1205 1982 1259 qui
2006 1205 2099 1259 jam
2129 1217 2209 1260 per
2239 1203 2268 1245 4
2297 1217 2434 1245 annos
2465 1215 2611 1244 euram

1608 1279 1851 1320 animarum
1883 1283 2100 1320 exercent.

1667 1381 1703 1431 2)
1754 1380 1905 1422 Benef.
1951 1379 2167 1435 simplicia
2211 1379 2258 1419 in
2302 1378 2385 1421 hoe
2433 1390 2614 1419 numero

1610 1466 1701 1495 non
1732 1453 2024 1496 continentur.

1670 1556 1703 1613 3)
1764 1558 1884 1599 Inter
1935 1555 2206 1600 Gubernium
2256 1553 2526 1596 borussieum
2577 1557 2621 1595 et

1538 1665 1545 1671 ,
1612 1631 1893 1673 Ordinarium
1936 1629 1990 1671 de
2029 1629 2128 1684 jure
2173 1631 2284 1683 patr.
2329 1627 2463 1670 fiseal.
2510 1639 2618 1680 resp.

1611 1704 1752 1746 libera
1782 1703 2014 1745 collatione
2046 1701 2396 1744 controvertitur.

1670 1805 1704 1860 4)
1736 1806 1885 1847 Benef.
1916 1804 2132 1859 simplicia
2162 1808 2207 1846 et
2236 1787 2389 1845 filialia
2418 1815 2506 1844 non
2542 1815 2620 1844 nu-

1614 1883 1850 1921 merantur.

1673 1982 1707 2039 5)
1753 1983 1905 2037 Neque
1936 1995 1991 2023 ex
2022 1981 2220 2035 catologo
2250 1991 2393 2034 neque
2423 1978 2479 2020 ab
2511 1977 2623 2019 ordi-

1617 2057 1791 2099 nariatu
1820 2055 2069 2098 informatio
2099 2054 2194 2096 fieri
2223 2052 2381 2108 potuit.

1676 2160 1708 2215 6)
1754 2162 2039 2202 numerantur
2069 2158 2183 2200 inter
2218 2157 2433 2211 jurapatr.
2476 2153 2626 2197 eccles.

1621 2233 1752 2276 etiam
1781 2233 1948 2288 inoorp.
1981 2236 2025 2276 et
2053 2231 2149 2273 viee
2179 2243 2317 2273 versa.

1682 2337 1716 2389 ⁷)
1762 2334 1847 2377 800
1898 2334 1985 2376 alia
2030 2336 2136 2376 sunt
2179 2332 2271 2374 fere
2320 2329 2465 2373 omnia
2514 2341 2629 2370 mere

1625 2408 1842 2463 „officia“‚
1890 2420 2001 2462 quae
2033 2405 2199 2448 confert
2230 2403 2504 2447 Ordinarius.

1682 2511 1719 2564 8)
1751 2513 1819 2554 De
1849 2509 2077 2566 permultis
2107 2509 2155 2549 in
2187 2509 2340 2550 dextra
2361 2506 2507 2547 Rheni
2537 2504 2633 2558 ripa

1625 2585 1718 2627 sitis
1757 2585 1874 2626 inter
1906 2582 2179 2627 Gubernium
2219 2585 2262 2623 et
2294 2580 2509 2623 ordinat.
2535 2591 2633 2620 oon-

1625 2657 1894 2700 trovertitur.

1684 2758 1715 2812 9)
1753 2757 1905 2801 Ordin.
1936 2756 2057 2811 regia
2086 2756 2140 2799 de
2172 2754 2212 2796 1.
2234 2755 2354 2810 Sept.
2378 2752 2491 2796 1848
2514 2752 2639 2796 Ordi-

1627 2830 1750 2872 nario
1773 2830 2050 2872 collationem
2077 2829 2289 2870 mensibus
2311 2827 2637 2883 episcopalibus,

1628 2903 1722 2957 regi
1750 2903 2148 2958 praesentationem
2173 2901 2386 2942 mensibus
2402 2899 2638 2954 papalibus

1628 2979 1934 3018 vacaturorum
2003 2974 2242 3029 assignavit
2313 2971 2638 3023 beneficiorum,

1630 3061 1742 3102 quae
1788 3048 2011 3103 quondum
2056 3048 2113 3090 ab
2158 3046 2325 3100 Epise.‚
2382 3044 2523 3099 Capit.
2570 3043 2639 3085 vel

1633 3122 1906 3164 monasteriis
1943 3121 2292 3164 conferebantur.

1691 3224 1740 3280 10)
1785 3226 1907 3267 Inter
1937 3226 2102 3266 Ducem
2134 3225 2178 3263 et
2211 3219 2497 3263 Ordinarium
2539 3233 2637 3260 eon-

1631 3298 1780 3340 ventio
1811 3298 1922 3340 inita
1958 3300 2023 3339 est
2061 3295 2125 3336 in·
2147 3298 2272 3349 parte
2311 3292 2491 3348 speciali
2522 3306 2634 3334 eom—

1630 3370 1865 3413 munieata.

1690 3473 1739 3528 11)
1771 3472 1797 3514 2
1827 3471 2083 3514 alternando
2114 3483 2212 3512 eum
2240 3469 2427 3525 privato.

1691 3572 1743 3629 12)
1776 3573 1798 3614 1
1831 3574 1985 3615 altern.
2019 3586 2116 3614 cum
2146 3571 2331 3627 privato.

1690 3675 1724 3707 13
1733 3674 1769 3730 a)
1801 3675 1979 3718 alternis
2008 3673 2192 3718 vicibus.

1691 3776 1740 3832 14)
1780 3778 1994 3819 accedunt
2030 3777 2055 3818 5
2098 3773 2261 3830 (realia)
2304 3787 2359 3816 ex
2398 3786 2473 3827 eo,
2520 3772 2636 3828 quod

1630 3863 1849 3904 possessor
1878 3847 2090 3906 (judaeus)
2116 3849 2189 3903 jus
2229 3860 2430 3890 exercere
2470 3845 2644 3901 nequit.

1693 3950 1743 4008 15)
1775 3951 1800 3994 3
1831 3951 2010 3996 alternis
2040 3950 2210 3995 vicibus
2241 3964 2338 3992 eum
2367 3948 2564 4006 privatis.
