2670 4126
197 104 251 151 68

342 237 390 291 3.
440 236 661 289 Plurimi
712 235 1054 308 parochorum
1108 244 1481 307 cooperatoreS,
1533 237 1621 308 qui
1671 234 1793 290 nsiox
1833 238 2091 309 capellani
2140 260 2259 294 mox
2295 244 2482 297 vicarii
2517 262 2605 298 vo-

197 332 398 389 cantur,
450 323 505 385 in
544 321 865 376 dioecesibus
902 321 1238 390 Paderborn.,
1279 323 1578 391 Monaster.,
1618 323 1804 391 Culm.,
1860 323 2069 394 Varm.,
2106 327 2261 382 Posn.
2301 338 2351 383 et
2391 329 2604 399 Gnesn„

194 410 247 462 V
248 410 472 463 ratislaV.
523 407 761 479 beneficia
798 408 1002 475 habent,
1051 410 1202 481 pauci
1254 410 1382 463 meri
1422 419 1542 463 sunt
1592 419 1967 483 cooperatoreS,
2020 432 2148 484 quos
2198 414 2502 470 Ordinarius
2540 417 2605 471 ad

193 506 375 550 nutum
434 495 730 550 amovibiles
788 494 1005 548 ordinat.
1098 495 1164 548 In
1222 497 1526 551 dioecesium
1566 497 1748 553 Colon.
1802 508 1852 551 et
1901 498 2100 553 Trevir.
2152 502 2449 573 regionibus
2499 503 2607 574 juri

192 584 382 655 gallico
438 580 682 654 subjectis
735 600 912 635 omnes
963 583 1250 649 sacerdotes
1291 603 1466 636 curam
1503 585 1792 637 animarum
1843 595 2158 655 exercenteS‚
2211 574 2331 642 solis
2367 590 2607 663 parochis

193 670 612 738 „cantonalibus“
656 669 900 740 exceptiS,
944 670 1042 736 „ad
1080 679 1266 724 nutum
1304 679 1423 724 sunt
1462 672 1813 725 amovibileS.“

334 782 382 835 4.
421 778 704 832 Parochiae
742 778 805 830 iis
843 786 1039 837 tantum
1080 780 1437 846 conferuntur,
1494 780 1584 851 qui
1621 780 1676 833 in
1713 800 1984 835 concursus
2007 783 2335 854 parochialis
2370 786 2608 841 examine

189 876 308 922 sunt
364 866 654 938 approbati.
747 864 867 918 Hoc
907 884 1126 919 examen
1178 874 1256 919 est
1305 866 1551 936 generale
1607 885 1673 920 ex
1710 862 2040 923 facultatibus
2078 891 2108 922 a
2146 869 2200 926 S.
2239 870 2377 926 Sede
2413 872 2468 925 in
2505 872 2608 926 sin-

187 955 312 1026 gula
368 953 591 1006 triennia
648 951 903 1005 concessis
942 952 1233 1005 institutum
1288 953 1355 1005 ad
1403 972 1609 1007 normas
1657 954 1717 1007 iis
1775 955 1986 1024 similes,
2040 976 2172 1029 quae
2227 977 2385 1031 supra
2439 960 2507 1031 (§.
2559 961 2608 1015 5.

186 1043 280 1095 sub
320 1043 389 1113 3.)
430 1040 693 1112 expositae
732 1048 864 1094 sunt.
939 1039 1138 1110 Aliqua
1175 1039 1421 1111 parochia
1457 1049 1674 1094 vacante
1723 1042 1830 1095 fere
1866 1062 2128 1115 nusquam
2166 1063 2443 1099 concursus
2480 1045 2610 1100 indi-

186 1130 332 1197 citur,
386 1128 492 1195 sed,
548 1147 706 1200 quum
760 1135 947 1199 agatur
987 1126 1051 1179 de
1088 1127 1334 1199 parochia
1372 1127 1633 1182 collationi
1686 1128 1877 1183 liberae
1914 1130 2159 1203 subjecta,
2200 1117 2508 1187 Ordinarius
2546 1133 2608 1202 ei,

187 1236 341 1289 quem
382 1217 599 1287 dignum
638 1215 915 1281 existimat,
957 1215 1167 1282 confert,
1230 1234 1388 1286 quum
1426 1234 1549 1269 vcro
1587 1217 1883 1289 patronatui
1920 1218 2197 1289 subjaceat,
2247 1228 2495 1293 patronus
2543 1239 2611 1276 ex

184 1304 592 1377 approbatorum
632 1321 848 1355 numero
888 1321 1047 1354 unum
1086 1311 1402 1374 praesentat.

330 1417 376 1467 5.
415 1412 508 1468 Uti
548 1431 577 1465 e
615 1411 791 1464 tabula
827 1409 900 1463 H.
941 1420 1175 1483 apparet,
1227 1411 1281 1463 in
1319 1411 1517 1483 aliquot
1554 1411 1872 1466 dioecesibus
1923 1413 2084 1485 longe
2122 1415 2381 1468 maximus
2419 1415 2609 1470 benefi-

182 1502 377 1555 ciorum
432 1519 679 1554 numerus
732 1499 926 1552 liberae
976 1506 1054 1550 est
1103 1498 1406 1566 collationis,
1462 1498 1514 1551 in
1575 1498 1687 1552 aliis
1727 1518 1948 1571 magnus
1989 1501 2201 1573 quidem
2237 1510 2607 1574 patronatuum

179 1608 443 1654 numerUS,
502 1587 591 1640 sed
629 1586 843 1639 minime
893 1585 1027 1651 talis,
1085 1594 1143 1637 ut
1191 1585 1439 1638 ordinarii
1487 1585 1626 1639 viros
1678 1587 1863 1658 dignos
1913 1589 2254 1660 promovendi
2305 1589 2606 1644 facultatem

180 1696 284 1731 non
322 1677 562 1729 habeant.
640 1673 987 1745 Quapropter,
1028 1673 1070 1726 si
1107 1672 1264 1725 addas
1305 1692 1551 1744 magnum
1580 1673 1943 1728 beneficiorum
1973 1695 2243 1730 numerum
2284 1685 2336 1731 et
2373 1677 2606 1731 conside-

178 1783 280 1831 reS,
320 1763 546 1836 plurima.
583 1760 834 1815 beneficia
885 1760 950 1812 ad
989 1760 1183 1813 victum
1220 1760 1493 1813 honestum
1543 1761 1901 1832 praebendum
1939 1763 2186 1831 sufficere,
2241 1772 2384 1818 recte
2434 1764 2603 1818 dicen-

179 1852 302 1904 dum
359 1859 449 1918 est,
508 1849 812 1902 clericorum
870 1847 1218 1900 conditionem
1277 1847 1439 1901 multo
1496 1849 1762 1901 meliorem
1818 1867 1942 1915 esse,
2008 1869 2163 1922 quam
2218 1852 2603 1907 austriacorum.

176 1940 363 2010 Itaque
403 1938 474 2004 fit,
531 1947 589 1989 ut
625 1937 679 1988 in
717 1935 915 2007 aliquot
966 1934 1279 1988 dioecesibus
1330 1953 1434 1988 non
1471 1935 1625 1989 modo
1674 1955 1780 1989 non
1819 1936 1952 1989 adsit
2002 1937 2327 1991 sacerdotum
2363 1939 2595 2011 penuria,

177 2027 267 2080 sed
305 2026 457 2079 ctiam
497 2023 827 2090 abundantia,
868 2031 920 2076 et
957 2022 1124 2075 clerus
1162 2021 1468 2093 regulariter
1514 2023 1815 2097 suppleatur
1851 2043 1957 2077 non
1997 2032 2199 2077 tantum
2251 2043 2316 2079 ex
2356 2026 2597 2098 inopibus

177 2123 227 2168 et
265 2112 449 2166 humili
487 2113 604 2166 loco
643 2111 779 2164 natis
818 2129 999 2163 verum
1048 2127 1302 2182 persaepe
1354 2128 1420 2162 ex
1470 2109 1777 2164 honestioris
1826 2111 1928 2164 loci
1971 2112 2265 2182 juvenibus
2352 2111 2594 2168 Profecto

177 2202 399 2273 denique
458 2199 703 2253 affirmari
762 2199 933 2264 debet,
990 2206 1150 2250 totam
1210 2197 1335 2250 cleri
1392 2197 1742 2251 conditionem
1798 2198 1986 2250 bonam
2041 2217 2167 2265 esse,
2228 2198 2422 2271 ubique
2477 2218 2597 2254 eum

176 2289 477 2343 auctoritate
514 2286 718 2353 florere,
757 2285 1063 2357 pracsertim
1105 2304 1265 2355 quum
1303 2284 1496 2355 singuli
1535 2303 1638 2337 non
1677 2284 1831 2336 alieni
1869 2285 1972 2338 sint
2009 2305 2038 2337 a
2073 2285 2253 2339 literis,

320 2400 366 2452 6.
408 2396 623 2449 Fructus
662 2394 1015 2466 beneficiorum
1053 2394 1387 2447 intercalares
1426 2393 1659 2446 deductis
1700 2393 2158 2448 administrationis
2210 2392 2450 2467 expensis
2487 2395 2599 2469 ple—

177 2504 396 2556 rumque
434 2484 595 2556 ipsius
635 2481 873 2536 beneficii
910 2482 1056 2534 fiunt.
1153 2481 1256 2536 Ubi
1295 2499 1421 2533 vero
1461 2480 1818 2547 communitaS,
1876 2489 1932 2534 ut
1970 2481 2021 2533 in
2061 2481 2378 2536 dioecesibus
2416 2481 2598 2538 Colon.

179 2582 230 2626 et
268 2572 469 2626 Trevir.
509 2569 724 2643 parochi
760 2568 844 2621 vel
884 2568 1059 2620 vicarii
1098 2567 1346 2621 salarium
1398 2575 1484 2620 aut
1522 2575 1684 2621 totum
1723 2576 1813 2620 aut
1850 2587 1943 2639 pro
1980 2577 2127 2640 parte
2164 2569 2331 2636 solvit,
2382 2578 2596 2624 vacante

178 2660 425 2713 beneficio
463 2678 567 2710 non
606 2657 835 2722 solvitur,
875 2664 1092 2728 excepto
1131 2654 1560 2708 administratoris
1598 2654 1803 2708 salario.

324 2769 372 2823 7.
417 2767 631 2821 Collatio
658 2765 1085 2836 praebendarum
1121 2765 1508 2836 capitularium.
1564 2763 1961 2834 Praeposituras
1986 2763 2327 2836 capitulorum
2352 2764 2594 2837 archiep„

183 2855 460 2909 cathedral.
518 2863 569 2907 et
616 2854 927 2924 Aquisgran.
979 2862 1027 2906 et
1077 2854 1410 2906 canonicatus
1446 2851 1699 2903 ‘mensibu-3
1736 2851 2026 2921 papalibus
2076 2862 2346 2904 vacaturos
2399 2852 2598 2906 confert

184 2962 412 2996 summus
449 2941 710 3008 Pontifex,
764 2941 851 3012 qui
889 2940 1021 3012 Reqz·
1071 2959 1166 3012 per
1203 2939 1460 2992 indultum
1510 2937 1871 3010 provisionem
1910 2937 2164 2990 concessit
2213 2946 2263 2991 et
2312 2939 2596 3006 nominato,

182 3029 477 3085 idoneitatis
528 3028 819 3083 testimonio
858 3028 922 3080 ab
963 3027 1245 3081 Ordinario
1283 3033 1510 3097 accepto,
1562 3023 1940 3077 institutionem
1979 3023 2067 3076 dat
2106 3025 2419 3079 canonicam.
2498 3025 2596 3080 C'a-

184 3121 451 3172 nonicatus
506 3116 720 3187 reliquis
777 3133 866 3168 sex
923 3115 1185 3167 mensibus
1235 3121 1504 3164 vacaturos
1555 3120 1604 3164 et
1654 3131 1829 3172 omnes
1881 3114 2163 3164 vicariatus
2198 3132 2235 3165 S.
2272 3112 2594 3184 praebendas

186 3206 345 3259 libere
384 3205 656 3259 conferunt
692 3201 1063 3273 archiepiscopi
1106 3209 1156 3254 et
1194 3199 1420 3274 episcopi
1460 3197 1749 3270 respectivi.

1291 3363 1335 3428 ξ.
1411 3360 1495 3411 46.

1167 3480 1258 3537 De
1301 3479 1617 3554 Episcopis.

375 3640 420 3691 1.
478 3637 675 3693 Omnes
731 3634 954 3708 episcopi
982 3632 1288 3687 secundum
1344 3634 1540 3686 bullam
1598 3632 1714 3698 „De
1763 3631 1925 3686 salute
1962 3616 2279 3686 animarum“
2334 3630 2592 3702 eliquntur

198 3743 228 3775 a
266 3724 514 3795 capituliS,
579 3712 710 3795 qiiae
761 3742 828 3792 ex
878 3721 1021 3775 brevi
1057 3719 1318 3793 pontificio
1356 3720 1460 3773 diei
1501 3721 1581 3772 18.
1618 3719 1742 3774 Jun.
1787 3721 1918 3773 1821
1963 3726 2081 3772 ante
2124 3717 2428 3771 electionem
2466 3716 2590 3770 certi

199 3828 311 3865 esse
349 3810 542 3864 debent
577 3818 832 3878 tenentur,
869 3828 934 3863 ne
970 3826 1189 3884 persona
1229 3807 1469 3881 eligenda
1504 3806 1619 3879 regi
1656 3806 1722 3859 sit
1757 3806 1926 3860 minus
1961 3812 2125 3877 grata.
