2670 4126
545 1245 1902 1324 INTRODIJGTIO.

118 1443 411 1512 Notitiae
467 1442 856 1534 gelieraleS‚
912 1460 1091 1528 quae
1146 1440 1235 1506 ad
1290 1459 1526 1506 omnes
1580 1438 1708 1504 has
1764 1438 2127 1504 dioeceses
2180 1441 2341 1502 sunt

1010 1563 1446 1632 referendae.

1147 1970 1191 2035 §-
1274 1967 1318 2018 1.

770 2087 864 2144 De
907 2088 1017 2143 situ
1062 2095 1117 2143 et
1159 2088 1682 2159 circumscriptione.

171 2266 277 2321 Pro
314 2265 501 2337 regula
538 2264 793 2318 dioeceses
833 2263 1026 2315 habent
1062 2262 1382 2316 territorium
1433 2263 1714 2335 antiquitus
1753 2283 2061 2336 possessum,
2103 2282 2261 2335 quum
2303 2262 2447 2315 nullo

27 2363 264 2427 tempore
335 2354 439 2407 hoc
504 2359 794 2418 teneretur,
873 2358 930 2403 ut
1004 2350 1271 2417 dioecesis
1321 2371 1438 2404 cum
1503 2360 1641 2405 terra
1718 2351 2034 2405 hereditaria
2109 2358 2444 2422 congrueret.

29 2442 305 2496 Dioeceses
359 2440 493 2493 inter
546 2457 617 2507 se,
675 2437 813 2511 quod
868 2437 935 2491 ad
985 2438 1253 2492 circuitum
1302 2439 1547 2511 pertinet,
1605 2440 1830 2493 maxime
1881 2439 2110 2507 differre,
2182 2439 2445 2492 dioeceses

30 2528 325 2583 bohemicas
381 2526 433 2581 et
488 2526 886 2582 Olomucensem
945 2526 1200 2599 imprimis
1257 2527 1444 2580 nimias
1504 2547 1648 2597 esse⁷
1719 2528 1889 2600 primo
1948 2536 2160 2601 aspectu
2215 2533 2449 2600 apparet.

32 2616 275 2672 Conditio
332 2634 538 2688 quoque
594 2614 903 2670 dioecesium
958 2615 1312 2687 geographica
1373 2615 1629 2687 (physica,
1688 2616 2030 2688 orographica
2088 2616 2207 2688 cet.)
2267 2614 2452 2668 deinde

32 2703 377 2758 diversissima
424 2711 514 2771 est,
571 2702 875 2776 praesertim
927 2721 1087 2774 quum
1137 2705 1170 2755 9
1190 2702 1466 2757 'dioeceses
1508 2703 1706 2775 (Line,
1761 2704 1981 2771 salisb„
2035 2703 2194 2770 Trid.‚
2234 2702 2451 2771 Brixia,

13 2790 242 2860 Secow,
298 2790 542 2860 Lavant.‚
601 2790 791 2858 Gurc.,
840 2788 1056 2858 Labac.‚
1115 2789 1311 2863 Gorit.)
1367 2799 1454 2843 aut
1489 2791 1545 2843 in
1571 2799 1740 2844 totum
1778 2799 1867 2844 aut
1904 2809 2000 2863 pro
2038 2800 2190 2864 parte
2242 2791 2446 2863 alpinae

31 2879 149 2948 sint,
205 2878 336 2933 aliae
390 2878 572 2932 saltem
629 2885 945 2932 montuosae.
1039 2877 1233 2932 Curam
1290 2897 1413 2932 vero
1473 2878 1763 2931 animarum
1819 2880 1874 2931 in
1931 2879 2083 2932 terris
2140 2879 2358 2951 Alpium
2398 2887 2449 2932 et

32 2966 89 3021 in
109 3009 113 3011 -
137 2966 396 3020 montibus
453 2965 809 3019 difficillimam
864 2983 1004 3034 esse,
1055 2973 1215 3037 patet.
1308 2965 1466 3022 Unde
1523 2966 1762 3035 efficitur,
1832 2975 1890 3019 ut
1949 2985 2016 3020 ex
2072 2967 2185 3020 solo
2237 2967 2448 3036 majore,

34 3053 80 3107 si
132 3053 257 3106 alias
305 3053 562 3108 dioeceses
625 3072 892 3125 compares
902 3094 921 3121 ‚
989 3053 1299 3107 clericorum
1354 3053 1410 3107 in
1466 3047 1669 3107 Brixin.
1728 3063 1778 3108 et
1835 3054 2070 3108 Trident.
2130 3054 2448 3108 dioecesibus

35 3140 369 3195 existentium
421 3159 637 3196 numero
675 3141 808 3194 nihil
844 3141 1108 3215 probetur.
1201 3141 1534 3194 Facillimum
1591 3159 1798 3213 quoque
1848 3151 1925 3196 est
1978 3142 2277 3208 intellectU‚
2318 3142 2452 3194 hanc

34 3228 378 3300 complurium
432 3228 740 3284 dioecesium
799 3228 1151 3283 conditionem
1203 3247 1342 3297 esse,
1404 3249 1495 3282 cur
1550 3229 1605 3282 in
1659 3230 1721 3282 iis
1777 3238 1855 3284 tot
1903 3230 2306 3283 mendicantium
2343 3249 2449 3282 mo-

34 3303 259 3371 nasteria
292 3315 536 3388 existant,
593 3317 784 3390 quippe
823 3336 982 3388 quum
1020 3317 1189 3389 primo
1228 3317 1283 3369 in
1319 3317 1621 3388 regionibus
1664 3317 1774 3370 istis
1820 3337 1940 3372 raro
1987 3318 2074 3370 alii
2118 3317 2450 3370 difficillimae

38 3422 191 3458 curae
244 3422 299 3457 se
351 3403 592 3457 dedicent
645 3423 803 3476 quam
850 3404 1162 3458 rusticorum
1210 3404 1319 3472 filii,
1377 3404 1563 3458 deinde
1611 3413 1889 3477 paupertas
1937 3404 2224 3458 incolarum
2261 3405 2449 3457 talibus

37 3491 365 3546 monasteriis
391 3491 617 3544 maxime
641 3491 827 3561 faveat,
854 3493 910 3545 in
935 3492 1160 3565 Alpibus
1185 3493 1492 3564 praesertim
1519 3493 1742 3564 denique
1768 3492 2078 3546 monasteria
2103 3492 2170 3544 ad
2193 3493 2450 3564 parochos

12 3578 289 3661 {uvandos
326 3586 473 3633 tanto
511 3578 615 3631 sint
651 3580 957 3648 necessaria,
1011 3587 1206 3652 quanto
1245 3578 1502 3632 difficilior
1551 3580 1709 3633 immo
1747 3579 2086 3653 periculosior
2123 3588 2199 3632 est
2235 3581 2454 3652 presby-

2 3671 267 3719 ''oerorum
342 3666 667 3738 singulorum
735 3667 973 3721 conditio.
1084 3666 1284 3732 Quodsi
1354 3667 1612 3721 dioeceses
1681 3667 1967 3731 bavaricaS,
2002 3684 2264 3738 compares
2334 3687 2451 3721 cum

41 3751 321 3820 austriacis,
372 3753 544 3806 statim
594 3752 811 3821 videbis,
866 3752 982 3808 illas
1018 3753 1179 3825 longe
1232 3753 1463 3808 melioris
1514 3773 1626 3809 esse
1679 3753 2000 3808 conditionis.
2074 3752 2451 3808 Beneficiorum

43 3845 335 3892 curatorum
371 3839 427 3892 in
463 3840 682 3912 singulis
721 3839 1044 3895 dioecesibus
1084 3841 1411 3894 existentium
1456 3859 1699 3895 numeros
1739 3841 2058 3912 comparanti
2084 3841 2255 3894 statim
2293 3851 2450 3914 patet,

41 3924 302 3988 dioeceses
339 3925 596 3982 rhenanas
635 3927 832 4001 optime
869 3946 925 3982 se
961 3928 1165 3997 habere,
1202 3929 1427 4001 pessime
1464 3948 1590 3983 vero
1629 3928 1924 3982 austriacas.

2026 4043 2109 4086 1ἦῖ-
