<?xml version="1.0" encoding="UTF-8"?>
<!DOCTYPE html PUBLIC "-//W3C//DTD XHTML 1.0 Transitional//EN"
    "http://www.w3.org/TR/xhtml1/DTD/xhtml1-transitional.dtd">
<html xmlns="http://www.w3.org/1999/xhtml" xml:lang="en" lang="en">
 <head>
  <title>
</title>
<meta http-equiv="Content-Type" content="text/html;charset=utf-8" />
  <meta name='ocr-system' content='tesseract 3.04.00' />
  <meta name='ocr-capabilities' content='ocr_page ocr_carea ocr_par ocr_line ocrx_word'/>
</head>
<body>
  <div class='ocr_page' id='page_1' title='image "a608058900schuuoft_0012.png"; bbox 0 0 2670 4126; ppageno 0'>
   <div class='ocr_carea' id='block_1_1' title="bbox 212 159 322 200">
    <p class='ocr_par' dir='ltr' id='par_1_1' title="bbox 212 159 322 200">
     <span class='ocr_line' id='line_1_1' title="bbox 212 159 322 200; baseline -0.009 0"><span class='ocrx_word' id='word_1_1' title='bbox 212 159 322 200; x_wconf 89' lang='lat' dir='ltr'><strong>VIII</strong></span> 
     </span>
    </p>
   </div>
   <div class='ocr_carea' id='block_1_2' title="bbox 211 289 2612 374">
    <p class='ocr_par' dir='ltr' id='par_1_2' title="bbox 211 289 2612 374">
     <span class='ocr_line' id='line_1_2' title="bbox 211 289 2612 374; baseline 0.002 -24"><span class='ocrx_word' id='word_1_2' title='bbox 211 302 304 350; x_wconf 90' lang='lat' dir='ltr'><strong>aut</strong></span> <span class='ocrx_word' id='word_1_3' title='bbox 349 293 486 350; x_wconf 88' lang='lat' dir='ltr'>nihil</span> <span class='ocrx_word' id='word_1_4' title='bbox 535 291 678 351; x_wconf 90' lang='lat' dir='ltr'><strong>dabo</strong></span> <span class='ocrx_word' id='word_1_5' title='bbox 732 300 825 350; x_wconf 87' lang='lat' dir='ltr'><strong>aut</strong></span> <span class='ocrx_word' id='word_1_6' title='bbox 872 310 1039 349; x_wconf 91' lang='lat' dir='ltr'><strong>omne</strong></span> <span class='ocrx_word' id='word_1_7' title='bbox 1086 291 1164 366; x_wconf 66' lang='lat' dir='ltr'><strong>id„</strong></span> <span class='ocrx_word' id='word_1_8' title='bbox 1235 291 1383 370; x_wconf 91' lang='lat' dir='ltr'><strong>quod</strong></span> <span class='ocrx_word' id='word_1_9' title='bbox 1430 290 1627 351; x_wconf 88' lang='lat' dir='ltr'><strong>saltem</strong></span> <span class='ocrx_word' id='word_1_10' title='bbox 1690 309 1767 348; x_wconf 86' lang='lat' dir='ltr'><strong>ex</strong></span> <span class='ocrx_word' id='word_1_11' title='bbox 1811 289 1972 351; x_wconf 90' lang='lat' dir='ltr'><strong>libris</strong></span> <span class='ocrx_word' id='word_1_12' title='bbox 2032 292 2322 371; x_wconf 80' lang='lat' dir='ltr'><strong>impressis</strong></span> <span class='ocrx_word' id='word_1_13' title='bbox 2368 295 2612 374; x_wconf 84' lang='lat' dir='ltr'><strong>reperiri</strong></span> 
     </span>
    </p>
   </div>
   <div class='ocr_carea' id='block_1_3' title="bbox 98 391 2614 474">
    <p class='ocr_par' dir='ltr' id='par_1_3' title="bbox 98 391 2614 474">
     <span class='ocr_line' id='line_1_3' title="bbox 98 391 2614 474; baseline 0.002 -26"><span class='ocrx_word' id='word_1_14' title='bbox 98 439 109 448; x_wconf 68' lang='grc'>,</span> <span class='ocrx_word' id='word_1_15' title='bbox 212 403 414 472; x_wconf 89' lang='lat' dir='ltr'><strong>potest.</strong></span> <span class='ocrx_word' id='word_1_16' title='bbox 514 395 657 452; x_wconf 90' lang='lat' dir='ltr'><strong>Eam</strong></span> <span class='ocrx_word' id='word_1_17' title='bbox 696 413 842 453; x_wconf 89' lang='lat' dir='ltr'><strong>vero</strong></span> <span class='ocrx_word' id='word_1_18' title='bbox 876 411 997 451; x_wconf 91' lang='lat' dir='ltr'><strong>rem</strong></span> <span class='ocrx_word' id='word_1_19' title='bbox 1038 396 1332 470; x_wconf 89' lang='lat' dir='ltr'><strong>quominus</strong></span> <span class='ocrx_word' id='word_1_20' title='bbox 1382 393 1676 453; x_wconf 82' lang='lat' dir='ltr'><strong>absolvam</strong></span> <span class='ocrx_word' id='word_1_21' title='bbox 1724 391 1950 450; x_wconf 88' lang='lat' dir='ltr'><strong>biennio</strong></span> <span class='ocrx_word' id='word_1_22' title='bbox 1980 401 2090 451; x_wconf 88' lang='lat' dir='ltr'><strong>aut</strong></span> <span class='ocrx_word' id='word_1_23' title='bbox 2134 397 2379 454; x_wconf 89' lang='lat' dir='ltr'><strong>triennio</strong></span> <span class='ocrx_word' id='word_1_24' title='bbox 2410 398 2614 474; x_wconf 86' lang='lat' dir='ltr'><strong>ingens</strong></span> 
     </span>
    </p>
   </div>
   <div class='ocr_carea' id='block_1_4' title="bbox 212 493 2642 2189">
    <p class='ocr_par' dir='ltr' id='par_1_4' title="bbox 212 493 1698 572">
     <span class='ocr_line' id='line_1_4' title="bbox 212 493 1698 572; baseline 0 -20"><span class='ocrx_word' id='word_1_25' title='bbox 212 495 466 554; x_wconf 89' lang='lat' dir='ltr'><strong>laborum</strong></span> <span class='ocrx_word' id='word_1_26' title='bbox 513 497 694 554; x_wconf 89' lang='lat' dir='ltr'><strong>omnis</strong></span> <span class='ocrx_word' id='word_1_27' title='bbox 741 497 974 569; x_wconf 81' lang='lat' dir='ltr'><strong>generis</strong></span> <span class='ocrx_word' id='word_1_28' title='bbox 1022 497 1186 572; x_wconf 92' lang='lat' dir='ltr'><strong>copia</strong></span> <span class='ocrx_word' id='word_1_29' title='bbox 1231 495 1405 572; x_wconf 90' lang='lat' dir='ltr'><strong>plane</strong></span> <span class='ocrx_word' id='word_1_30' title='bbox 1450 493 1698 571; x_wconf 87' lang='lat' dir='ltr'><strong>impedit.</strong></span> 
     </span>
    </p>

    <p class='ocr_par' dir='ltr' id='par_1_5' title="bbox 217 579 2611 1059">
     <span class='ocr_line' id='line_1_5' title="bbox 394 579 2611 679; baseline 0.002 -26"><span class='ocrx_word' id='word_1_31' title='bbox 394 597 633 653; x_wconf 80' lang='lat' dir='ltr'><em>Tabulae</em></span> <span class='ocrx_word' id='word_1_32' title='bbox 682 595 935 670; x_wconf 79' lang='lat' dir='ltr'><strong>adjectae</strong></span> <span class='ocrx_word' id='word_1_33' title='bbox 983 598 1212 654; x_wconf 91' lang='lat' dir='ltr'><strong>omnino</strong></span> <span class='ocrx_word' id='word_1_34' title='bbox 1259 596 1619 655; x_wconf 81' lang='lat' dir='ltr'><strong>necessariae</strong></span> <span class='ocrx_word' id='word_1_35' title='bbox 1667 612 1798 655; x_wconf 91' lang='lat' dir='ltr'><strong>esse</strong></span> <span class='ocrx_word' id='word_1_36' title='bbox 1844 595 1975 653; x_wconf 88' lang='lat' dir='ltr'><strong>mihi</strong></span> <span class='ocrx_word' id='word_1_37' title='bbox 2021 596 2379 679; x_wconf 88' lang='lat' dir='ltr'><strong>videbantur</strong></span> <span class='ocrx_word' id='word_1_38' title='bbox 2407 579 2611 677; x_wconf 83' lang='lat' dir='ltr'><strong>quippe</strong></span> 
     </span>
     <span class='ocr_line' id='line_1_6' title="bbox 217 691 2607 776; baseline 0.001 -20"><span class='ocrx_word' id='word_1_39' title='bbox 217 698 412 776; x_wconf 90' lang='lat' dir='ltr'><strong>quibus</strong></span> <span class='ocrx_word' id='word_1_40' title='bbox 459 701 641 757; x_wconf 87' lang='lat' dir='ltr'><strong>statim</strong></span> <span class='ocrx_word' id='word_1_41' title='bbox 689 697 987 771; x_wconf 59' lang='lat' dir='ltr'><strong>efficiatur„</strong></span> <span class='ocrx_word' id='word_1_42' title='bbox 1034 705 1091 754; x_wconf 90' lang='lat' dir='ltr'><strong>ut</strong></span> <span class='ocrx_word' id='word_1_43' title='bbox 1137 699 1296 774; x_wconf 90' lang='lat' dir='ltr'><strong>quasi</strong></span> <span class='ocrx_word' id='word_1_44' title='bbox 1341 715 1454 754; x_wconf 93' lang='lat' dir='ltr'><strong>uno</strong></span> <span class='ocrx_word' id='word_1_45' title='bbox 1503 703 1736 774; x_wconf 88' lang='lat' dir='ltr'><strong>aspectu</strong></span> <span class='ocrx_word' id='word_1_46' title='bbox 1782 698 2047 772; x_wconf 85' lang='lat' dir='ltr'><strong>singulae</strong></span> <span class='ocrx_word' id='word_1_47' title='bbox 2079 717 2176 758; x_wconf 91' lang='lat' dir='ltr'><strong>res</strong></span> <span class='ocrx_word' id='word_1_48' title='bbox 2207 691 2607 774; x_wconf 68' lang='lat' dir='ltr'><strong>intelligantur.</strong></span> 
     </span>
     <span class='ocr_line' id='line_1_7' title="bbox 219 793 2611 877; baseline 0.001 -21"><span class='ocrx_word' id='word_1_49' title='bbox 219 801 579 877; x_wconf 82' lang='lat' dir='ltr'><strong>Quapropter</strong></span> <span class='ocrx_word' id='word_1_50' title='bbox 639 800 905 876; x_wconf 81' lang='lat' dir='ltr'><strong>repetitio</strong></span> <span class='ocrx_word' id='word_1_51' title='bbox 968 817 1331 856; x_wconf 88' lang='lat' dir='ltr'><strong>numerorum</strong></span> <span class='ocrx_word' id='word_1_52' title='bbox 1385 796 1653 856; x_wconf 89' lang='lat' dir='ltr'><strong>evitanda</strong></span> <span class='ocrx_word' id='word_1_53' title='bbox 1695 814 1811 854; x_wconf 92' lang='lat' dir='ltr'><strong>non</strong></span> <span class='ocrx_word' id='word_1_54' title='bbox 1869 796 2010 870; x_wconf 63' lang='lat' dir='ltr'><strong>fuit„</strong></span> <span class='ocrx_word' id='word_1_55' title='bbox 2082 817 2207 855; x_wconf 88' lang='lat' dir='ltr'><strong>nam</strong></span> <span class='ocrx_word' id='word_1_56' title='bbox 2252 806 2308 856; x_wconf 92' lang='lat' dir='ltr'><strong>et</strong></span> <span class='ocrx_word' id='word_1_57' title='bbox 2353 793 2611 876; x_wconf 59' lang='lat' dir='ltr'><strong>singulae</strong></span> 
     </span>
     <span class='ocr_line' id='line_1_8' title="bbox 217 897 2611 980; baseline 0.001 -22"><span class='ocrx_word' id='word_1_58' title='bbox 217 901 512 959; x_wconf 86' lang='lat' dir='ltr'><strong>dioeceses</strong></span> <span class='ocrx_word' id='word_1_59' title='bbox 581 918 1015 978; x_wconf 88' lang='lat' dir='ltr'><strong>quoquoversus</strong></span> <span class='ocrx_word' id='word_1_60' title='bbox 1073 908 1237 958; x_wconf 92' lang='lat' dir='ltr'><strong>erant</strong></span> <span class='ocrx_word' id='word_1_61' title='bbox 1310 897 1721 960; x_wconf 83' lang='lat' dir='ltr'><strong>describendae</strong></span> <span class='ocrx_word' id='word_1_62' title='bbox 1803 907 1859 956; x_wconf 90' lang='lat' dir='ltr'><strong>et</strong></span> <span class='ocrx_word' id='word_1_63' title='bbox 1942 903 2184 957; x_wconf 89' lang='lat' dir='ltr'><strong>omnium</strong></span> <span class='ocrx_word' id='word_1_64' title='bbox 2250 903 2611 980; x_wconf 65' lang='lat' dir='ltr'><strong>&#39;comparatio</strong></span> 
     </span>
     <span class='ocr_line' id='line_1_9' title="bbox 217 1001 699 1059; baseline 0 0"><span class='ocrx_word' id='word_1_65' title='bbox 217 1001 493 1059; x_wconf 86' lang='lat' dir='ltr'><strong>facienda.</strong></span> <span class='ocrx_word' id='word_1_66' title='bbox 696 1011 699 1013; x_wconf 82' lang='grc'><strong>’</strong></span> 
     </span>
    </p>

    <p class='ocr_par' dir='ltr' id='par_1_6' title="bbox 218 1100 2642 1483">
     <span class='ocr_line' id='line_1_10' title="bbox 389 1100 2608 1180; baseline 0.001 -20"><span class='ocrx_word' id='word_1_67' title='bbox 389 1102 566 1173; x_wconf 85' lang='lat' dir='ltr'><strong>Quum</strong></span> <span class='ocrx_word' id='word_1_68' title='bbox 612 1121 727 1160; x_wconf 88' lang='lat' dir='ltr'><strong>non</strong></span> <span class='ocrx_word' id='word_1_69' title='bbox 774 1121 869 1162; x_wconf 90' lang='lat' dir='ltr'><strong>res</strong></span> <span class='ocrx_word' id='word_1_70' title='bbox 918 1110 1112 1178; x_wconf 84' lang='lat' dir='ltr'><strong>gestas</strong></span> <span class='ocrx_word' id='word_1_71' title='bbox 1177 1101 1279 1162; x_wconf 92' lang='lat' dir='ltr'><strong>sed</strong></span> <span class='ocrx_word' id='word_1_72' title='bbox 1325 1109 1525 1158; x_wconf 75' lang='lat' dir='ltr'><strong>statum</strong></span> <span class='ocrx_word' id='word_1_73' title='bbox 1572 1100 1921 1161; x_wconf 90' lang='lat' dir='ltr'><strong>dioecesium</strong></span> <span class='ocrx_word' id='word_1_74' title='bbox 1968 1100 2352 1180; x_wconf 84' lang='lat' dir='ltr'><strong>descripturus</strong></span> <span class='ocrx_word' id='word_1_75' title='bbox 2387 1120 2608 1178; x_wconf 62' lang='lat' dir='ltr'><strong>essem,</strong></span> 
     </span>
     <span class='ocr_line' id='line_1_11' title="bbox 218 1201 2613 1281; baseline 0.001 -20"><span class='ocrx_word' id='word_1_76' title='bbox 218 1212 276 1261; x_wconf 92' lang='lat' dir='ltr'><strong>ut</strong></span> <span class='ocrx_word' id='word_1_77' title='bbox 339 1204 637 1280; x_wconf 86' lang='lat' dir='ltr'><strong>plurimum</strong></span> <span class='ocrx_word' id='word_1_78' title='bbox 685 1206 843 1281; x_wconf 89' lang='lat' dir='ltr'><strong>spatii</strong></span> <span class='ocrx_word' id='word_1_79' title='bbox 890 1204 1168 1277; x_wconf 75' lang='lat' dir='ltr'><strong>lucrarer,</strong></span> <span class='ocrx_word' id='word_1_80' title='bbox 1235 1205 1340 1281; x_wconf 82' lang='lat' dir='ltr'><strong>p&#39;er</strong></span> <span class='ocrx_word' id='word_1_81' title='bbox 1386 1202 1570 1258; x_wconf 76' lang='lat' dir='ltr'><strong>titulos</strong></span> <span class='ocrx_word' id='word_1_82' title='bbox 1630 1201 1882 1276; x_wconf 81' lang='lat' dir='ltr'><strong>singulas</strong></span> <span class='ocrx_word' id='word_1_83' title='bbox 1950 1204 2213 1263; x_wconf 90' lang='lat' dir='ltr'><strong>materias</strong></span> <span class='ocrx_word' id='word_1_84' title='bbox 2281 1202 2492 1280; x_wconf 68' lang='lat' dir='ltr'><strong>digessi</strong></span> <span class='ocrx_word' id='word_1_85' title='bbox 2556 1213 2613 1263; x_wconf 88' lang='lat' dir='ltr'><strong>et</strong></span> 
     </span>
     <span class='ocr_line' id='line_1_12' title="bbox 220 1287 2642 1383; baseline 0.001 -22"><span class='ocrx_word' id='word_1_86' title='bbox 220 1287 510 1382; x_wconf 86' lang='lat' dir='ltr'><strong>descripsi.</strong></span> <span class='ocrx_word' id='word_1_87' title='bbox 624 1303 832 1383; x_wconf 49' lang='lat' dir='ltr'><strong>Spero.</strong></span> <span class='ocrx_word' id='word_1_88' title='bbox 900 1304 1049 1378; x_wconf 51' lang='lat' dir='ltr'><strong>fore.</strong></span> <span class='ocrx_word' id='word_1_89' title='bbox 1118 1312 1175 1361; x_wconf 91' lang='lat' dir='ltr'><strong>ut</strong></span> <span class='ocrx_word' id='word_1_90' title='bbox 1233 1304 1338 1361; x_wconf 89' lang='lat' dir='ltr'><strong>hac</strong></span> <span class='ocrx_word' id='word_1_91' title='bbox 1396 1305 1614 1360; x_wconf 82' lang='lat' dir='ltr'><strong>ratione</strong></span> <span class='ocrx_word' id='word_1_92' title='bbox 1673 1311 1729 1360; x_wconf 90' lang='lat' dir='ltr'><strong>et</strong></span> <span class='ocrx_word' id='word_1_93' title='bbox 1785 1306 2164 1380; x_wconf 84' lang='lat' dir='ltr'><strong>perspicuitas</strong></span> <span class='ocrx_word' id='word_1_94' title='bbox 2224 1315 2499 1382; x_wconf 80' lang='lat' dir='ltr'><strong>augeatur</strong></span> <span class='ocrx_word' id='word_1_95' title='bbox 2557 1299 2642 1364; x_wconf 79' lang='lat' dir='ltr'><strong>et</strong></span> 
     </span>
     <span class='ocr_line' id='line_1_13' title="bbox 218 1403 2335 1483; baseline 0.001 -22"><span class='ocrx_word' id='word_1_96' title='bbox 218 1405 420 1463; x_wconf 85' lang='lat' dir='ltr'><strong>librum</strong></span> <span class='ocrx_word' id='word_1_97' title='bbox 469 1407 767 1465; x_wconf 88' lang='lat' dir='ltr'><strong>evolventi</strong></span> <span class='ocrx_word' id='word_1_98' title='bbox 811 1425 930 1479; x_wconf 53' lang='lat' dir='ltr'><strong>res.</strong></span> <span class='ocrx_word' id='word_1_99' title='bbox 979 1424 1142 1482; x_wconf 91' lang='lat' dir='ltr'><strong>quam</strong></span> <span class='ocrx_word' id='word_1_100' title='bbox 1191 1413 1440 1482; x_wconf 74' lang='lat' dir='ltr'><strong>quaerat,</strong></span> <span class='ocrx_word' id='word_1_101' title='bbox 1501 1405 1791 1482; x_wconf 84' lang='lat' dir='ltr'><strong>extemplo</strong></span> <span class='ocrx_word' id='word_1_102' title='bbox 1838 1403 2005 1462; x_wconf 89' lang='lat' dir='ltr'><strong>facile</strong></span> <span class='ocrx_word' id='word_1_103' title='bbox 2051 1414 2335 1483; x_wconf 88' lang='lat' dir='ltr'><strong>appareat.</strong></span> 
     </span>
    </p>

    <p class='ocr_par' dir='ltr' id='par_1_7' title="bbox 219 1505 2612 1788">
     <span class='ocr_line' id='line_1_14' title="bbox 390 1505 2610 1585; baseline 0.002 -22"><span class='ocrx_word' id='word_1_104' title='bbox 390 1508 600 1564; x_wconf 72' lang='lat' dir='ltr'><strong>Fontes</strong></span> <span class='ocrx_word' id='word_1_105' title='bbox 659 1510 871 1585; x_wconf 51' lang='lat' dir='ltr'><strong>operisq</strong></span> <span class='ocrx_word' id='word_1_106' title='bbox 940 1515 998 1564; x_wconf 92' lang='lat' dir='ltr'><strong>ut</strong></span> <span class='ocrx_word' id='word_1_107' title='bbox 1047 1525 1216 1584; x_wconf 90' lang='lat' dir='ltr'><strong>supra</strong></span> <span class='ocrx_word' id='word_1_108' title='bbox 1270 1508 1387 1580; x_wconf 88' lang='lat' dir='ltr'><strong>jam</strong></span> <span class='ocrx_word' id='word_1_109' title='bbox 1434 1509 1775 1581; x_wconf 46' lang='lat' dir='ltr'><strong>memoravi.</strong></span> <span class='ocrx_word' id='word_1_110' title='bbox 1839 1514 1964 1566; x_wconf 91' lang='lat' dir='ltr'><strong>sunt</strong></span> <span class='ocrx_word' id='word_1_111' title='bbox 2021 1505 2266 1581; x_wconf 67' lang='lat' dir='ltr'><strong>catalogi</strong></span> <span class='ocrx_word' id='word_1_112' title='bbox 2310 1507 2610 1584; x_wconf 60' lang='lat' dir='ltr'><strong>officiales,</strong></span> 
     </span>
     <span class='ocr_line' id='line_1_15' title="bbox 219 1607 2612 1687; baseline 0.002 -22"><span class='ocrx_word' id='word_1_113' title='bbox 219 1609 441 1666; x_wconf 86' lang='lat' dir='ltr'><strong>litterae</strong></span> <span class='ocrx_word' id='word_1_114' title='bbox 503 1609 956 1667; x_wconf 90' lang='lat' dir='ltr'><strong>Ordinariatuum</strong></span> <span class='ocrx_word' id='word_1_115' title='bbox 1018 1608 1085 1665; x_wconf 93' lang='lat' dir='ltr'><strong>ad</strong></span> <span class='ocrx_word' id='word_1_116' title='bbox 1147 1626 1235 1665; x_wconf 90' lang='lat' dir='ltr'><strong>me</strong></span> <span class='ocrx_word' id='word_1_117' title='bbox 1297 1607 1568 1680; x_wconf 53' lang='lat' dir='ltr'><strong>directae.</strong></span> <span class='ocrx_word' id='word_1_118' title='bbox 1640 1608 1919 1685; x_wconf 91' lang='lat' dir='ltr'><strong>colloquia</strong></span> <span class='ocrx_word' id='word_1_119' title='bbox 1988 1626 2114 1664; x_wconf 90' lang='lat' dir='ltr'><strong>cum</strong></span> <span class='ocrx_word' id='word_1_120' title='bbox 2181 1610 2319 1669; x_wconf 82' lang='lat' dir='ltr'><strong>viris</strong></span> <span class='ocrx_word' id='word_1_121' title='bbox 2367 1611 2612 1687; x_wconf 54' lang='lat' dir='ltr'><strong>*periti83</strong></span> 
     </span>
     <span class='ocr_line' id='line_1_16' title="bbox 221 1692 2610 1788; baseline 0.002 -23"><span class='ocrx_word' id='word_1_122' title='bbox 221 1709 582 1786; x_wconf 89' lang='lat' dir='ltr'><strong>quamobrem</strong></span> <span class='ocrx_word' id='word_1_123' title='bbox 631 1728 817 1787; x_wconf 88' lang='lat' dir='ltr'><strong>neque</strong></span> <span class='ocrx_word' id='word_1_124' title='bbox 863 1708 1041 1766; x_wconf 89' lang='lat' dir='ltr'><strong>libros</strong></span> <span class='ocrx_word' id='word_1_125' title='bbox 1089 1711 1243 1766; x_wconf 90' lang='lat' dir='ltr'><strong>citari</strong></span> <span class='ocrx_word' id='word_1_126' title='bbox 1290 1726 1474 1784; x_wconf 92' lang='lat' dir='ltr'><strong>neque</strong></span> <span class='ocrx_word' id='word_1_127' title='bbox 1523 1708 1593 1766; x_wconf 91' lang='lat' dir='ltr'><strong>de</strong></span> <span class='ocrx_word' id='word_1_128' title='bbox 1641 1709 1764 1768; x_wconf 88' lang='lat' dir='ltr'><strong>aliis</strong></span> <span class='ocrx_word' id='word_1_129' title='bbox 1812 1692 2082 1768; x_wconf 78' lang='lat' dir='ltr'><strong>similibus</strong></span> <span class='ocrx_word' id='word_1_130' title='bbox 2127 1702 2218 1765; x_wconf 69' lang='lat' dir='ltr'><strong>hic</strong></span> <span class='ocrx_word' id='word_1_131' title='bbox 2246 1711 2340 1785; x_wconf 85' lang='lat' dir='ltr'><strong>agi</strong></span> <span class='ocrx_word' id='word_1_132' title='bbox 2371 1719 2610 1788; x_wconf 85' lang='lat' dir='ltr'><strong>oportet.</strong></span> 
     </span>
    </p>

    <p class='ocr_par' dir='ltr' id='par_1_8' title="bbox 220 1810 2611 2189">
     <span class='ocr_line' id='line_1_17' title="bbox 395 1810 2608 1886; baseline 0.001 -19"><span class='ocrx_word' id='word_1_133' title='bbox 395 1810 660 1868; x_wconf 78' lang='lat' dir='ltr'><strong>Sermone</strong></span> <span class='ocrx_word' id='word_1_134' title='bbox 721 1812 887 1866; x_wconf 77' lang='lat' dir='ltr'><strong>latino</strong></span> <span class='ocrx_word' id='word_1_135' title='bbox 932 1828 1066 1870; x_wconf 87' lang='lat' dir='ltr'><strong>usus</strong></span> <span class='ocrx_word' id='word_1_136' title='bbox 1113 1828 1255 1881; x_wconf 68' lang='lat' dir='ltr'><strong>sum,</strong></span> <span class='ocrx_word' id='word_1_137' title='bbox 1325 1812 1450 1886; x_wconf 89' lang='lat' dir='ltr'><strong>quia</strong></span> <span class='ocrx_word' id='word_1_138' title='bbox 1499 1818 1555 1867; x_wconf 93' lang='lat' dir='ltr'><strong>et</strong></span> <span class='ocrx_word' id='word_1_139' title='bbox 1601 1810 1884 1869; x_wconf 90' lang='lat' dir='ltr'><strong>ecclesiae</strong></span> <span class='ocrx_word' id='word_1_140' title='bbox 1932 1818 2018 1870; x_wconf 90' lang='lat' dir='ltr'><strong>est</strong></span> <span class='ocrx_word' id='word_1_141' title='bbox 2063 1823 2253 1870; x_wconf 87' lang='lat' dir='ltr'><strong>sermo</strong></span> <span class='ocrx_word' id='word_1_142' title='bbox 2314 1819 2370 1869; x_wconf 89' lang='lat' dir='ltr'><strong>et</strong></span> <span class='ocrx_word' id='word_1_143' title='bbox 2413 1810 2608 1885; x_wconf 65' lang='lat' dir='ltr'><strong>efficit„</strong></span> 
     </span>
     <span class='ocr_line' id='line_1_18' title="bbox 220 1910 2611 1989; baseline 0 -20"><span class='ocrx_word' id='word_1_144' title='bbox 220 1920 278 1969; x_wconf 86' lang='lat' dir='ltr'><strong>ut</strong></span> <span class='ocrx_word' id='word_1_145' title='bbox 324 1930 464 1989; x_wconf 93' lang='lat' dir='ltr'><strong>opus</strong></span> <span class='ocrx_word' id='word_1_146' title='bbox 509 1912 715 1988; x_wconf 90' lang='lat' dir='ltr'><strong>ubique</strong></span> <span class='ocrx_word' id='word_1_147' title='bbox 760 1911 1015 1970; x_wconf 92' lang='lat' dir='ltr'><strong>locorum</strong></span> <span class='ocrx_word' id='word_1_148' title='bbox 1062 1914 1239 1989; x_wconf 87' lang='lat' dir='ltr'><strong>possit</strong></span> <span class='ocrx_word' id='word_1_149' title='bbox 1285 1910 1555 1968; x_wconf 91' lang='lat' dir='ltr'><strong>adhiberi.</strong></span> <span class='ocrx_word' id='word_1_150' title='bbox 1647 1911 1815 1970; x_wconf 86' lang='lat' dir='ltr'><strong>Certe</strong></span> <span class='ocrx_word' id='word_1_151' title='bbox 1864 1914 2050 1969; x_wconf 87' lang='lat' dir='ltr'><strong>omnia</strong></span> <span class='ocrx_word' id='word_1_152' title='bbox 2097 1930 2186 1968; x_wconf 90' lang='lat' dir='ltr'><strong>me</strong></span> <span class='ocrx_word' id='word_1_153' title='bbox 2236 1910 2457 1987; x_wconf 53' lang='lat' dir='ltr'><strong>fallunt.</strong></span> <span class='ocrx_word' id='word_1_154' title='bbox 2504 1915 2611 1973; x_wconf 92' lang='lat' dir='ltr'><strong>nisi</strong></span> 
     </span>
     <span class='ocr_line' id='line_1_19' title="bbox 220 1989 2610 2092; baseline 0.001 -21"><span class='ocrx_word' id='word_1_155' title='bbox 220 2014 328 2071; x_wconf 91' lang='lat' dir='ltr'><strong>hoc</strong></span> <span class='ocrx_word' id='word_1_156' title='bbox 375 2032 515 2091; x_wconf 93' lang='lat' dir='ltr'><strong>opus</strong></span> <span class='ocrx_word' id='word_1_157' title='bbox 562 2013 688 2070; x_wconf 91' lang='lat' dir='ltr'><strong>fere</strong></span> <span class='ocrx_word' id='word_1_158' title='bbox 734 1989 850 2071; x_wconf 75' lang='lat' dir='ltr'><strong>eos·</strong></span> <span class='ocrx_word' id='word_1_159' title='bbox 883 2020 1090 2070; x_wconf 89' lang='lat' dir='ltr'><strong>tantum</strong></span> <span class='ocrx_word' id='word_1_160' title='bbox 1139 2031 1268 2072; x_wconf 89' lang='lat' dir='ltr'><strong>esse</strong></span> <span class='ocrx_word' id='word_1_161' title='bbox 1315 2013 1589 2086; x_wconf 66' lang='lat' dir='ltr'><strong>lecturos„</strong></span> <span class='ocrx_word' id='word_1_162' title='bbox 1649 2014 1740 2088; x_wconf 90' lang='lat' dir='ltr'><strong>qui</strong></span> <span class='ocrx_word' id='word_1_163' title='bbox 1789 2015 2071 2072; x_wconf 89' lang='lat' dir='ltr'><strong>sermonis</strong></span> <span class='ocrx_word' id='word_1_164' title='bbox 2117 2013 2610 2092; x_wconf 61' lang='lat' dir='ltr'><strong>latini-‘compotes</strong></span> 
     </span>
     <span class='ocr_line' id='line_1_20' title="bbox 222 2114 2103 2189; baseline 0.001 -17"><span class='ocrx_word' id='word_1_165' title='bbox 222 2116 353 2187; x_wconf 44' lang='lat' dir='ltr'><strong>sint5</strong></span> <span class='ocrx_word' id='word_1_166' title='bbox 393 2117 522 2189; x_wconf 75' lang='lat' dir='ltr'><strong>Jure</strong></span> <span class='ocrx_word' id='word_1_167' title='bbox 570 2116 850 2174; x_wconf 65' lang='lat' dir='ltr'><strong>existimo</strong></span> <span class='ocrx_word' id='word_1_168' title='bbox 2101 2114 2103 2116; x_wconf 67' lang='grc'><strong>’</strong></span> 
     </span>
    </p>
   </div>
   <div class='ocr_carea' id='block_1_5' title="bbox 393 2285 1578 2363">
    <p class='ocr_par' dir='ltr' id='par_1_9' title="bbox 393 2285 1578 2363">
     <span class='ocr_line' id='line_1_21' title="bbox 393 2285 1578 2363; baseline -0.001 -17"><span class='ocrx_word' id='word_1_169' title='bbox 393 2288 435 2346; x_wconf 92' lang='grc' dir='ltr'><strong>Ρ</strong></span> <span class='ocrx_word' id='word_1_170' title='bbox 454 2307 482 2345; x_wconf 89' lang='lat' dir='ltr'><strong>r</strong></span> <span class='ocrx_word' id='word_1_171' title='bbox 502 2307 531 2345; x_wconf 92' lang='lat' dir='ltr'><strong>a</strong></span> <span class='ocrx_word' id='word_1_172' title='bbox 545 2307 583 2363; x_wconf 80' lang='lat' dir='ltr'>g</span> <span class='ocrx_word' id='word_1_173' title='bbox 599 2308 628 2345; x_wconf 93' lang='lat' dir='ltr'><strong>a</strong></span> <span class='ocrx_word' id='word_1_174' title='bbox 645 2307 676 2344; x_wconf 91' lang='lat' dir='ltr'><strong>e</strong></span> <span class='ocrx_word' id='word_1_175' title='bbox 723 2286 861 2345; x_wconf 89' lang='lat' dir='ltr'><strong>Idib.</strong></span> <span class='ocrx_word' id='word_1_176' title='bbox 909 2286 1072 2344; x_wconf 88' lang='lat' dir='ltr'><strong>Mart.</strong></span> <span class='ocrx_word' id='word_1_177' title='bbox 1121 2285 1578 2347; x_wconf 87' lang='lat' dir='ltr'><strong>MDCCCLXVI.</strong></span> 
     </span>
    </p>
   </div>
   <div class='ocr_carea' id='block_1_6' title="bbox 1999 2638 2578 2748">
    <p class='ocr_par' dir='ltr' id='par_1_10' title="bbox 1999 2638 2578 2748">
     <span class='ocr_line' id='line_1_22' title="bbox 1999 2638 2578 2748; baseline -0.003 -40"><span class='ocrx_word' id='word_1_178' title='bbox 1999 2639 2437 2748; x_wconf 67' lang='lat' dir='ltr'><strong>Schulte.</strong></span> <span class='ocrx_word' id='word_1_179' title='bbox 2574 2638 2578 2644; x_wconf 74' lang='grc'><em>’</em></span> 
     </span>
    </p>
   </div>
  </div>
 </body>
</html>
