2670 4126
2413 91 2467 136 67

50 235 231 302 obstat,
283 231 410 304 quin
443 230 662 302 juvenes
701 238 790 284 aut
826 236 994 283 totum
1032 224 1313 280 triennium
1364 233 1455 278 aut
1492 223 1676 279 saltem
1727 243 1920 278 annum
1956 221 2042 277 vel
2093 221 2359 277 biennium
2415 225 2469 276 in

50 322 292 376 facultate
342 319 516 391 aliqua
567 317 861 387 theologica
910 321 1197 369 versentur.
1289 312 1394 367 Ubi
1434 332 1550 365 cum
1601 313 1927 366 facultatibus
1966 311 2090 384 ipsis
2129 311 2391 364 convictus
2431 332 2469 367 s,

52 407 423 464 convictorium
480 406 547 459 sit
604 406 949 476 conjunctum,
1007 420 1100 454 suo
1138 401 1257 454 loco
1314 399 1640 454 indicabitur.
1700 396 2067 454 'Professores
2119 399 2471 452 institutorum

51 496 209 550 theol.
253 494 485 562 Tievir„
541 492 877 579 Paderborn.,
935 487 1133 543 Gnesn.
1173 495 1224 540 et
1260 487 1432 553 Posn.,
1493 486 1665 542 Culm.
1705 507 1735 539 a
1773 488 1883 540 solo
1937 486 2234 554 OrdinariO,
2285 486 2473 557 reliqui

50 582 343 654 theologiae
379 582 691 680 professores
728 575 940 678 praevio
980 574 1250 630 Oidinarii
1288 592 1541 627 consensu
1592 594 1622 626 a
1659 574 1915 645 gubernio
1954 574 2090 626 civili
2128 574 2472 629 nominantur.

197 672 244 726 3.
295 669 362 723 In
409 667 854 722 seminarium
922 663 1327 718 clericorum
1376 662 1412 715 ii
1461 670 1663 716 tantum
1713 663 2050 735 recipiuntur,
2103 664 2193 734 qui
2242 663 2479 716 examine

54 777 121 812 ex
159 757 396 813 omnibus
434 754 732 826 theologiae
770 751 1001 826 partibus
1055 759 1299 823 superato
1339 750 1527 821 dignos
1565 769 1619 804 se
1657 752 2027 823 praebuerunt.
2105 752 2301 806 Omnes
2340 751 2475 804 dioe-

54 864 194 900 ceses
231 843 560 898 seminarium
598 842 811 908 habent,
852 840 996 911 cujus
1036 838 1230 893 dotatio
1269 838 1457 911 partim
1496 839 1647 892 bonis
1686 839 2050 907 immobilibuS,
2090 840 2278 911 partim
2306 838 2474 892 reditu

53 935 118 987 ab
157 932 352 986 aerario
389 930 636 984 solvendo
677 927 922 983 consistit.
999 927 1217 980 Alumni
1253 926 1467 999 plurimi
1504 927 1611 981 suis
1649 927 1836 980 vivunt
1871 927 2128 999 expensiS,
2168 946 2287 1000 pars
2313 927 2477 999 gratis

53 1021 220 1089 alitur.
293 1019 590 1073 Directores
630 1025 726 1071 cet.
765 1018 829 1069 ab
870 1014 1162 1070 Ordinariis
1199 1013 1360 1068 libere
1397 1015 1746 1070 nominantur.

198 1108 247 1160 3.
295 1105 566 1160 Titulus
621 1104 1114 1159 Ordinationis
1170 1102 1500 1164 constituitur
1556 1111 1644 1156 aut
1701 1122 1768 1157 ex
1818 1102 2135 1174 obligatione
2185 1103 2249 1155 ab
2304 1103 2477 1174 aliquo

53 1194 253 1268 privato
303 1211 596 1266 possessore
645 1193 794 1259 facta,
853 1210 954 1262 qua
1005 1190 1168 1243 victus
1221 1190 1540 1243 necessarius
1579 1190 1898 1262 promittitur
1950 1193 2029 1264 (ut
2066 1191 2120 1242 in
2159 1190 2479 1244 dioecesibus

54 1280 458 1348 Monasteriensi,
509 1278 942 1349 Paderbornensi,
996 1277 1299 1350 Vratislaw)
1352 1286 1440 1330 aut
1496 1286 1574 1331 est
1611 1299 1813 1332 mensae
1863 1279 2166 1351 episcopalis
2215 1278 2298 1332 vel
2335 1280 2478 1332 semi-

53 1371 199 1424 narii
237 1369 318 1441 (ut
355 1368 408 1420 in
446 1367 626 1420 iisdem
665 1366 980 1419 dioecesibus
1021 1373 1071 1418 et
1109 1365 1163 1420 in
1205 1365 1490 1434 Culmensi,
1533 1366 1729 1433 Varm.,
1783 1366 2008 1421 Posnan.
2050 1375 2102 1420 et
2153 1366 2479 1438 Gnesnensi)

57 1466 145 1511 aut
201 1466 278 1510 cst
331 1457 586 1509 missionis
661 1454 767 1526 (hic
819 1453 874 1506 in
930 1453 1249 1506 dioecesibus
1303 1452 1485 1509 Colon.
1537 1462 1589 1508 et
1639 1453 1837 1509 Trevir.
1894 1455 2005 1508 fere
2067 1454 2248 1508 unicus
2300 1454 2480 1527 viget).

56 1546 261 1600 Titulus
299 1543 596 1618 patrimonii
632 1543 717 1596 vel
753 1542 1010 1615 pensionis
1046 1561 1181 1609 raro,
1233 1542 1469 1596 beneficii
1505 1542 1765 1596 rarissime
1804 1542 2040 1598 occurrit.
2135 1542 2240 1596 Pro
2277 1542 2482 1613 regula-

57 1634 200 1688 ribus
237 1631 374 1686 tituli
410 1629 730 1703 regularium
767 1629 1016 1702 speciales
1053 1630 1249 1701 vigent.

203 1722 252 1774 5.
296 1718 476 1774 Cura
513 1719 956 1774 emeritorum.
1031 1717 1096 1769 In
1137 1718 1377 1772 omnibus
1417 1717 1734 1773 dioecesibus
1775 1703 2007 1772 existunt
2044 1717 2223 1772 domus
2260 1719 2483 1771 emerito-

59 1829 192 1875 rum,
233 1827 452 1880 quarum
489 1805 682 1860 dotatio
721 1825 786 1860 ex
824 1805 1024 1859 aerario
1063 1806 1204 1859 venit
1242 1806 1526 1860 secundum
1564 1806 1760 1858 bullam
1801 1806 1922 1874 „De
1948 1806 2114 1858 salute
2141 1805 2481 1859 animarum.“

60 1896 126 1950 In
163 1896 261 1949 hac
300 1879 451 1948 domo
487 1894 808 1967 recipiuntur
844 1894 1152 1962 sacerdoteS,
1206 1894 1295 1966 qui
1345 1902 1434 1947 aut
1471 1894 1781 1948 beneficium
1834 1894 2066 1948 nondum
2103 1894 2397 1947 habuerunt
2435 1901 2488 1947 et

66 1984 167 2037 alio
205 1983 360 2037 modo
399 2002 503 2037 non
554 1982 881 2050 adhibentur,
939 1990 1117 2054 utpote
1171 1982 1225 2035 in
1284 1982 1593 2035 cancellaria
1651 1991 1764 2051 cet.,
1820 1992 1909 2035 aut
1965 2001 2186 2054 quorum
2235 1981 2489 2035 beneficia

63 2071 263 2126 minora
319 2079 494 2142 erant,
567 2070 693 2143 quin
747 2070 926 2143 pensio
992 2070 1252 2124 sufficiens
1319 2071 1383 2123 iis
1442 2070 1612 2124 detur.
1724 2070 1924 2124 Domus
1986 2071 2131 2143 ipsae
2196 2069 2489 2123 Ordinariis

65 2160 298 2214 subsunt.

210 2250 257 2303 6.
312 2246 493 2301 Oura
542 2245 1031 2301 demeritorum.
1129 2245 1292 2301 Suam
1331 2264 1571 2318 quaeque
1622 2245 1870 2300 dioecesis
1923 2246 2082 2299 habet
2120 2245 2490 2299 demeritorum

68 2333 275 2388 domum
316 2353 383 2388 ex
422 2333 618 2387 aerario
654 2334 921 2387 fundatam
960 2334 1244 2387 secundum
1283 2332 1480 2387 bullam
1523 2334 1639 2404 „De
1679 2334 1844 2388 salute
1882 2333 2204 2387 animarum“
2247 2341 2298 2385 ct
2337 2332 2491 2389 Ordi-

70 2421 226 2475 naiiis
264 2422 567 2494 subjectam.

1179 2544 1227 2609 g.
1301 2541 1389 2593 45.
1542 2596 1545 2598 ,

1052 2648 1147 2704 De
1215 2646 1510 2723 beneficiis

223 2771 267 2822 1.
311 2769 641 2842 Conqrua.
718 2769 903 2836 Quoad
942 2771 1213 2844 parochias
1251 2772 1304 2823 in
1345 2771 1665 2825 dioecesibus
1704 2770 1893 2825 Colon.
1931 2778 1983 2823 et
2021 2770 2235 2837 Trevir.,
2286 2769 2375 2822 ubi
2406 2770 2492 2840 jus

27 2886 32 2893 ·
76 2857 504 2929 francogallicum
539 2859 695 2930 viget,
735 2858 854 2911 vide
888 2878 1021 2932 quae
1059 2863 1104 2928 ἓ.
1129 2862 1213 2913 51.
1237 2859 1332 2912 VI.
1375 2859 1625 2914 dicentur.
1701 2859 1804 2911 Pro
1845 2857 1957 2910 aliis
1997 2858 2316 2911 dioecesibus
2354 2856 2499 2908 nulla

75 2944 247 2997 existit
300 2945 387 2999 lex
435 2946 712 3017 generaliS,
772 2965 903 3018 quae
955 2955 1170 3001 certam*
1202 2966 1485 3018 congruam
1537 2953 1758 3013 statuat,
1810 2945 1901 2999 sed
1945 2945 2194 2999 ordinarii
2234 2952 2339 3011 est,
2397 2962 2518 3015 pro¹

75 3032 308 3086 locorum
345 3032 643 3088 diversitate
683 3035 792 3105 ejus
833 3035 1177 3106 quantitatem
1214 3035 1378 3089 finire.
1453 3034 1770 3106 Plerumque
1808 3033 2007 3087 summa
2042 3034 2151 3086 400
2177 3032 2495 3085 thalerorum

76 3119 290 3172 minima
331 3137 586 3191 congruae
622 3122 935 3195 parochialis
973 3122 1206 3180 habetur.
1280 3122 1467 3194 Longe
1503 3121 1758 3195 plurimae
1796 3122 1989 3193 ubique
2026 3119 2306 3193 parochiae
2339 3119 2496 3188 majo-

76 3227 188 3261 rem
215 3207 407 3260 habent
432 3208 656 3267 reditum
681 3228 747 3263 ex
772 3210 922 3264 bonis
954 3210 1319 3278 immobilibus,
1359 3210 1680 3283 hypotheciS,
1721 3209 1946 3277 decimis,
1985 3207 2372 3261 fundationibus
2400 3213 2494 3259 cet.

78 3295 494 3367 provenientem3
544 3296 740 3351 reditus
778 3298 916 3352 inter
953 3318 1010 3353 se
1048 3298 1215 3352 valde·
1241 3298 1503 3352 differunt.
1590 3298 1838 3352 Decimae
1887 3297 1943 3349 in
1980 3294 2156 3348 multis
2193 3293 2494 3366 regionibus

17 3413 21 3416 ·
79 3391 198 3436 sunt
245 3376 522 3451 redemtae,
579 3394 666 3437 aut
714 3394 863 3440 antea
915 3386 1156 3459 parochis
1195 3406 1300 3440 non
1354 3387 1746 3459 competebant,
1807 3403 1990 3438 census
2030 3401 2149 3436 vero
2187 3382 2353 3435 reales
2415 3383 2494 3452 (ut

81 3489 244 3524 avena
279 3471 463 3524 missae
501 3479 550 3524 et
587 3472 801 3544 similes)
840 3475 894 3526 in
930 3474 1105 3528 multis
1130 3473 1431 3546 regionibus
1467 3474 1638 3527 adhuc
1664 3473 1949 3528 solvuntur.
2027 3470 2303 3524 Aerarium
2329 3470 2496 3542 publi-

55 3551 197 3611 cum
234 3577 330 3632 pro
367 3560 565 3631 aliquot
600 3560 856 3631 parochiS,
909 3581 1041 3634 quae
1079 3580 1341 3633 congruae
1379 3561 1586 3629 desunt,
1628 3560 1850 3634 supplet.

205 3646 290 3699 ·.2
311 3644 378 3698 In
416 3645 717 3718 quibusdam
758 3646 1077 3703 dioecesibus
1115 3669 1236 3704 usus
1278 3648 1492 3717 obtinet,
1531 3649 1828 3703 sacerdotes
1866 3646 1921 3698 in
1947 3645 2218 3727 parqchias
2252 3652 2494 3699 vacantes

85 3729 358 3786 mittendos
406 3752 511 3787 non
560 3735 733 3787 statim
781 3743 840 3788 ut
876 3737 1129 3809 parochos
1179 3737 1502 3805 investiendi,
1561 3736 1651 3790 sed
1687 3754 1782 3808 per
1820 3733 2033 3806 aliquod
2071 3741 2290 3805 temPUS,
2344 3752 2497 3806 saepe

86 3836 181 3891 per
217 3807 409 3874 multos
442 3839 620 3890 annOS,
659 3821 988 3876 ordinandi
972 3844 1031 3878 111
1063 3824 1520 3879 administratores.

2069 3936 2154 3981 54ss
