2670 4126
2475 89 2499 130 7

82 226 222 282 sibus
262 243 451 296 magna
487 222 853 297 parochiarum
892 239 1013 296 pars
1050 218 1247 274 nullam
1287 226 1492 291 praeter
1529 222 1637 276 420
1673 220 1723 275 fl.
1764 239 1793 276 e
1831 218 1993 273 fundo
2031 217 2183 290 relig.
2224 218 2502 273 solvendos

84 313 396 367 dotationem
434 311 592 363 fixam
631 311 836 363 habent.

226 445 274 497 2.
318 441 541 495 Paroclii
579 440 774 512 ubique
812 437 1055 492 canonice
1092 438 1448 490 investiuntur.
1523 438 1736 492 Praeter
1773 437 2045 510 parochias
2085 454 2207 489 vero
2245 455 2364 489 raro
2405 436 2504 489 alia

89 529 339 595 beneficia,
390 547 524 600 quae
574 526 784 601 proprie
821 525 994 578 vocari
1043 533 1276 596 possunt,
1338 525 1580 579 existunt.
1670 525 1957 597 Capellani,
1998 531 2356 597 cooperatores
2396 530 2490 576 cet.

85 616 145 670 de
181 616 367 687 regula
406 614 710 669 beneficium
747 631 854 666 non
893 612 1100 665 habent.
1194 611 1472 665 Mittuntur
1524 620 1612 665 aut
1660 613 1896 685 parochis
1948 612 2258 684 petentibuS,
2318 610 2504 681 quibus

85 723 213 757 onus
251 704 313 756 iis
351 700 639 756 necessaria
696 699 927 771 (victum,
985 698 1379 770 habitationem)
1438 699 1865 752 subministrandi
1916 708 1968 752 et
2019 707 2212 752 certam
2250 716 2503 750 summam

83 790 314 844 solvendi
347 787 613 854 incumbit,
667 795 753 840 aut
810 805 839 840 e
889 785 1292 853 fundationibus,
1348 787 1391 839 si
1431 806 1563 859 quae
1604 788 1844 854 existant,
1901 794 1991 839 aut
2047 805 2075 839 e
2132 785 2293 839 fundo
2350 784 2503 856 relig.

81 877 370 931 mercedem
425 874 681 947 recipiunt
736 874 791 927 in
850 873 912 926 iis
968 873 1110 941 locIS‚
1162 875 1251 928 ubi
1300 894 1434 928 unus
1485 875 1730 948 pluresve
1782 875 2033 947 capellani
2072 873 2244 926 adsint
2282 880 2501 945 oportet,

81 964 314 1019 beneficii
350 982 471 1017 vero
510 961 708 1015 reditus
746 961 813 1014 ad
851 961 1225 1035 praestandum
1275 962 1518 1015 salarium
1557 962 1769 1015 minime
1808 962 2010 1016 sufficit.
2102 961 2301 1014 Eodem
2340 959 2500 1013 modo

81 1061 301 1119 curatur,
354 1070 515 1123 quum
554 1049 827 1122 parochuS,
880 1048 1170 1103 sufficiente
1208 1049 1272 1102 ad
1323 1050 1421 1102 hoc
1470 1050 1641 1103 reditu
1683 1069 1877 1117 carens,
1937 1050 2117 1102 morbo
2157 1048 2368 1102 affectus
2407 1065 2502 1119 pro

79 1148 308 1212 tempore
345 1157 521 1191 curam
557 1155 746 1208 gerere
784 1154 887 1189 non
925 1135 1101 1208 possit.

219 1270 266 1323 3.
323 1268 606 1322 Parochiae
644 1268 809 1322 omnis
848 1267 1053 1339 generis
1109 1267 1170 1321 iis
1210 1275 1411 1321 tantum
1464 1269 1871 1338 committuntur,
1929 1268 2019 1341 qui
2073 1270 2312 1322 examine
2364 1265 2501 1338 quod

75 1365 289 1411 vocatur
326 1376 596 1411 concursus
623 1356 963 1427 parochialia,
1003 1355 1140 1408 intra
1175 1357 1482 1410 sexennium
1521 1357 1830 1411 antecedens
1870 1356 2143 1430 approbati
2185 1364 2272 1408 aut
2299 1353 2506 1425 dispen-

76 1444 325 1498 sationem
382 1444 499 1515 lege
551 1443 665 1515 ipsa
719 1442 830 1497 sive
884 1443 1054 1514 gratia
1092 1443 1378 1517 episcopali
1415 1445 1568 1511 nacti,
1627 1465 1873 1499 concursu
1922 1445 2113 1498 indicto
2169 1443 2232 1495 de
2289 1442 2504 1495 ecclesia

75 1540 288 1586 vacante
325 1531 600 1605 petierunt.
694 1530 937 1584 Articulo
1005 1530 1320 1587 Concordati
1370 1531 1620 1595 XXIVto
1676 1532 1975 1588 Concursus
2039 1530 2374 1584 Tridentinus
2426 1537 2504 1591 est

73 1619 432 1692 praescriptus,
505 1618 572 1671 In
623 1625 883 1673 conventu
933 1618 1298 1692 episcoporum
1335 1639 1379 1676 a.
1422 1620 1578 1688 1856,
1632 1640 1787 1692 quem
1824 1641 1982 1693 supra
2019 1618 2319 1686 memoravi,
2360 1636 2502 1669 num.

74 1705 421 1773 XLIII-L„
472 1714 750 1778 sequentes
805 1723 1017 1760 normae
1057 1703 1394 1761 concordatae
1433 1716 1583 1761 sunt:
1627 1708 1949 1775 „Parochiae
1988 1708 2042 1759 in
2083 1705 2224 1759 omni
2257 1704 2502 1759 Austriae

73 1793 301 1866 Imperio
339 1813 446 1848 non
483 1794 582 1846 nisi
619 1793 825 1865 publico
874 1793 1073 1848 indicto
1125 1813 1376 1848 concursu
1428 1797 1774 1849 conferentur.
1869 1795 2181 1849 Tentamina
2220 1813 2249 1845 a
2289 1791 2501 1845 Vicario

74 1880 322 1936 Generali
359 1889 410 1935 et
448 1881 609 1934 tribus
648 1881 714 1933 ad
745 1881 1015 1935 minimum
1042 1882 1478 1937 examinatoribus
1504 1883 1842 1955 synoda-libus
1884 1885 1998 1954 (seu
2023 1879 2499 1955 prosynodalibus),

73 1970 136 2023 ab
173 1969 432 2042 Episcopo
473 1968 807 2040 designandis
847 1969 924 2021 bis
966 1970 1047 2023 vel
1086 1972 1247 2025 semel
1298 1971 1479 2025 saltem
1521 1972 1700 2043 quovis
1742 1990 1875 2024 anno
1915 1971 2266 2024 instituantur.
2342 1968 2499 2021 Inha-

71 2057 199 2111 biles
229 2055 448 2126 judicati
486 2062 748 2108 tentamen
785 2056 1075 2110 instaurent
1113 2066 1331 2131 oportet.
1408 2060 1513 2125 Qui
1552 2060 1685 2113 bene
1718 2059 2046 2133 perfecerint,
2086 2078 2182 2130 per
2220 2077 2310 2110 seoe
2338 2076 2499 2109 annos

72 2143 137 2196 ad
187 2141 597 2197 concurrendum
649 2162 744 2215 pro
795 2144 1057 2197 beneficiis
1109 2146 1491 2216 parochialibus
1545 2147 1897 2201 admittentur.
1991 2147 2080 2199 Ad
2137 2163 2354 2198 examen
2404 2162 2499 2216 pro

72 2250 323 2285 concursu
371 2230 657 2304 parochiali
708 2249 940 2284 accessus
993 2240 1165 2305 pateat
1203 2235 1560 2288 sacerdotibus
1613 2235 1809 2288 cunctis
1859 2235 1963 2287 fide
2002 2233 2334 2304 moribusque
2372 2231 2498 2283 inte-

70 2319 196 2390 griS,
235 2326 514 2392 postquam
549 2308 613 2370 in*
642 2318 931 2371 animarum
982 2338 1159 2372 curam
1211 2322 1513 2394 peragendo
1560 2343 1657 2394 per
1695 2324 1974 2376 triennium
2011 2319 2375 2393 laboraverint,
2414 2318 2499 2371 vel

70 2412 444 2459 sacramentum
482 2404 832 2476 poenitentiae
870 2405 1202 2478 dispensandi
1241 2408 1539 2464 facultatem
1556 2431 1659 2482 per
1685 2411 2093 2484 quinquennium
2118 2408 2268 2480 potiti
2294 2406 2498 2460 suerint.

70 2491 381 2565 Episcopus
416 2490 539 2544 viris
548 2531 568 2557 ,
629 2492 717 2564 qui
769 2493 1011 2547 scientiae
1061 2494 1146 2548 vel
1194 2514 1366 2549 rerum
1418 2498 1768 2568 gerendarum
1819 2497 2035 2570 peritiae
2074 2494 2361 2568 specimina
2399 2494 2498 2546 alio

61 2581 172 2651 jam
223 2578 377 2632 modo
428 2578 694 2647 dederunt,
745 2581 1044 2652 permittere
1081 2591 1268 2653 potest,
1319 2593 1377 2637 ut
1415 2604 1632 2638 examen
1670 2593 1821 2638 extra
1860 2593 2063 2655 tempus
2101 2582 2496 2654 praescriptum,

68 2669 232 2721 forma
287 2674 460 2719 tamen
516 2665 713 2731 debita,
765 2668 994 2720 subeant.
1106 2668 1319 2738 Cetera,
1379 2691 1511 2743 quae
1561 2673 1830 2745 praevium
1882 2672 1982 2724 hoc
2033 2670 2274 2723 scientiae
2329 2677 2493 2723 tenta-

67 2772 187 2808 men
236 2754 480 2820 attinent,
538 2753 753 2805 concilia
791 2755 1123 2825 provincialia
1179 2758 1506 2812 ordinabunt.
1602 2760 1872 2815 Concursu
1927 2759 2062 2812 facto
2110 2757 2490 2810 examinatores

68 2841 346 2912 synodales
386 2859 490 2893 non
538 2840 807 2912 pauciores
848 2842 1011 2894 tribus
1063 2843 1126 2896 ab
1164 2844 1425 2918 Episcopo
1467 2847 1777 2919 designandi
1821 2847 2034 2900 Vicario
2074 2845 2306 2917 generali
2347 2862 2490 2916 prae-

70 2928 182 2982 side
215 2927 534 3000 judicabunt,
575 2927 786 2998 quinam
825 2930 1187 3001 competitores
1226 2933 1397 2988 idonei
1436 2934 1554 2988 sint.
1630 2935 1892 3007 Episcopo
1932 2935 2199 3004 integrum
2238 2933 2348 2998 erit,
2388 2951 2489 2999 eOS,

73 3033 199 3086 quos
239 3015 615 3068 examinatores
664 3014 878 3068 idoneos
929 3020 1366 3089 renunciaverint,
1424 3029 1637 3093 propter
1693 3022 2097 3076 conversationis
2159 3019 2492 3074 sacerdotalis

73 3101 331 3155 defectum
368 3102 664 3173 reprobare,
704 3103 788 3156 vel
826 3105 1186 3176 competitores
1225 3108 1278 3160 in
1317 3109 1428 3180 ipso
1469 3129 1725 3163 concursu
1763 3128 1897 3162 novo
1936 3109 2183 3162 scientiae
2221 3107 2493 3161 tentamini

71 3188 337 3259 subjicere,
376 3187 421 3240 si
459 3188 669 3259 quidem
706 3189 779 3242 ita
817 3193 1130 3248 conveniens
1170 3196 1442 3250 censuerit.
1517 3197 1664 3251 Inter
1701 3197 1916 3250 idoneos
1954 3196 2247 3269 Episcopus
2289 3194 2492 3265 dignio-

70 3295 180 3330 rem
217 3275 417 3346 seliget,
474 3276 628 3346 quem
664 3276 732 3329 ad
781 3277 1087 3333 beneficium
1135 3291 1441 3354 promoveat
1491 3284 1575 3337 vel
1626 3292 1847 3356 patrono
1904 3283 2278 3336 commendet.“
2376 3281 2491 3334 Hae

71 3382 286 3417 normae
323 3381 353 3414 a
391 3361 618 3416 conciliis
653 3364 1056 3436 provincialibus
1107 3379 1347 3442 receptae
1383 3379 1436 3423 et
1485 3371 1656 3443 magis
1696 3371 1984 3424 declaratae
2022 3378 2157 3422 sunt.
2232 3369 2492 3422 Patronus

73 3450 462 3515 ecclesiasticuS,
513 3447 804 3520 Imperator
855 3452 1084 3523 („1errae
1132 3457 1452 3529 princeps“),
1509 3458 1833 3513 Gubernium
1886 3458 1951 3528 (si
1988 3457 2178 3509 fundus
2218 3455 2366 3525 relig.
2406 3455 2491 3507 vel

71 3537 284 3591 studior.
342 3545 592 3608 patronus
649 3538 745 3607 est)
800 3558 961 3592 unum
1000 3563 1026 3596 e
1063 3544 1340 3598 tribusab
1390 3545 1649 3617 Episcopo
1705 3547 1761 3599 in
1816 3545 2011 3598 tabella
2068 3541 2489 3597 concurrentium

62 3626 238 3694 primo
278 3628 465 3697 positis
514 3637 843 3701 praesentare
891 3631 1063 3686 debet.
1160 3631 1363 3696 Quodsi
1412 3632 1707 3704 Imperator
1746 3641 1831 3685 aut
1868 3632 2060 3684 fundus
2098 3630 2190 3683 rel.
2231 3629 2316 3682 vel
2354 3629 2490 3682 stud.

73 3717 318 3781 patronus
373 3713 440 3766 sit
477 3715 690 3770 omnino
728 3716 788 3784 is,
845 3719 935 3790 qui
970 3717 1139 3790 primo
1190 3718 1304 3772 1060
1353 3719 1548 3791 positus
1605 3730 1698 3786 est,
1750 3720 1814 3772 ab
1871 3718 2132 3791 Episcopo
2190 3716 2491 3784 instituitur,

74 3796 174 3849 nisi
211 3797 538 3855 Gubernium
574 3803 639 3857 ob
678 3822 884 3856 causam
918 3805 1187 3877 politicam
1224 3824 1340 3859 eum
1391 3806 1764 3880 reprobaverit.
1840 3805 2100 3859 Patronus
2142 3804 2347 3878 (laicus)
2387 3804 2492 3878 pri-
