2670 4126
2386 110 2442 154 25

43 261 141 318 per.
182 239 483 296 Bohemiam
532 245 598 291 et·
633 236 944 306 Moraviam,
995 253 1289 290 sermonem
1336 237 1692 310 probatorium
1740 245 2036 293 tenuerunt.
2129 239 2445 294 Alternatim

4 335 6 339 ’
45 329 314 386 canonicus
368 326 579 397 linguae
630 325 892 379 ezechicae
941 323 1288 397 (bohemicae)
1342 332 1394 376 et
1441 325 1767 395 germanicae
1816 327 2085 399 eligendus
2141 335 2235 381 est.
2327 329 2446 381 Duo

46 415 272 480 canonici
321 414 400 474 abv
435 413 759 486 Imperatore
806 411 1142 466 nominantur
1190 430 1258 465 ex
1305 410 1470 464 tribus
1526 414 1809 467 candidatis
1861 434 1954 487 per
2004 413 2304 488 Capitulum
2360 434 2447 468 no-

6 503 262 563 ,minatis
333 501 409 556 Hi
459 501 784 554 canonicatus
831 501 967 572 reyii
1020 517 1124 552 non
1180 506 1392 567 vacant,
1448 499 1548 551 nisi
1601 502 1818 555 mortuis
1875 522 1986 556 can.
2041 502 2200 574 regiis
2256 503 2340 556 vel
2395 503 2450 555 in

0 585 291 662 {decanum
327 597 418 644 aut
457 587 807 662 praepositum
842 587 1107 660 promotis
1181 582 1304 640 Duo
1343 605 1453 642 can.
1485 589 1719 659 juniores
1759 597 1879 643 sunt
1927 592 2310 663 praedicatores
2363 590 2451 644 do-

38 678 332 746 ‘minicaleS,
391 677 494 730 duo
532 674 814 729 anteriores
851 674 1046 743 festivi,
1109 674 1212 729 duo
1249 675 1344 729 hos
1381 678 1751 749 praecedentes
1787 697 1883 750 pro
1921 681 1956 732 4
2005 678 2149 733 festis
2199 678 2451 731 maximis,

42 766 222 821 Horae
259 765 533 822 canonicae
570 780 637 816 ex
673 771 846 817 mente
876 763 1009 834 juris
1049 763 1333 816 communis
1369 782 1474 816 non
1511 765 1657 833 fiunt,
1695 783 1868 836 neque
1905 766 2062 819 missa
2101 765 2453 820 conventualis

45 853 343 926 quotidiana
379 851 730 905 assistentibus
769 849 1044 918 canoniciS,
1085 857 1313 904 attamen
1349 870 1669 924 permagnus
1707 871 1954 909 numerus
1986 853 2254 906 missarum
2279 853 2453 923 hujus-

43 941 183 995 modi
207 939 550 994 fundatarum.
601 938 996 993 Distributiones
1021 938 1353 1012 quotidianae
1378 958 1483 993 non
1512 941 1756 994 existunt.
1814 940 1998 995 Omnes
2021 954 2137 995 sunt
2161 942 2380 1014 infulati
2405 949 2455 993 et

43 1028 428 1083 Pontificalibus
460 1027 651 1099 ubique
679 1034 910 1094 utuntur,
948 1046 980 1079 a
1007 1027 1147 1079 1863
1176 1045 1220 1078 a.
1248 1024 1304 1081 S.
1331 1026 1483 1080 Pont.
1509 1028 1841 1100 privilegium
1873 1038 2197 1102 acceperunt,
2236 1036 2456 1101 rogante

44 1116 161 1172 Em.
189 1115 343 1170 Card.
373 1115 638 1188 Archiep.‚
678 1114 898 1170 Crucem
937 1114 1276 1186 capitularem
1315 1135 1431 1169 cum
1457 1128 1638 1171 catena
1664 1138 1826 1171 aurea
1852 1118 2110 1190 portandi.
2185 1119 2458 1172 Accedunt

46 1202 294 1270 Sacri-sta,
333 1206 366 1258 2
405 1202 809 1270 Poenitentiarii,
850 1203 882 1256 3
923 1201 1226 1271 Vicaristae,
1265 1203 1302 1256 4
1326 1201 1670 1258 Psalteristae.
1749 1204 1944 1261 Curam
1973 1215 2177 1260 exercet
2200 1206 2456 1279 parochus

44 1290 337 1363 singularis,
1433 1331 1438 1335 -

30 1441 34 1443 λ
187 1381 236 1434 2.
306 1379 434 1452 Gap.
489 1379 826 1452 Colleqiatum
881 1376 1003 1432 eccl.
1060 1375 1158 1433 SS.
1195 1375 1341 1431 Petri
1397 1385 1450 1432 et
1503 1377 1657 1431 Pauli
1693 1378 1749 1432 in
1796 1380 2084 1454 Wysehrad
2132 1401 2246 1435 cum
2299 1382 2459 1436 Prae-

24 1463 204 1543 posito
255 1469 497 1543 (massam
545 1477 834 1541 separatam
872 1469 977 1522 816
1028 1468 1135 1539 jug.
1179 1466 1360 1523 bonor.
1403 1467 1656 1523 immobil.
1702 1468 1851 1523 redit.
1895 1470 2179 1524 maximum
2230 1471 2371 1523 6000
2408 1470 2460 1523 fl.

47 1556 298 1624 habente,
348 1543 633 1611 collationis
670 1556 868 1629 regiae)
908 1554 1117 1609 Decumo
1158 1554 1359 1628 (jurisd.
1400 1556 1723 1628 excercente)
1763 1567 1815 1610 et
1853 1559 1886 1610 6
1927 1557 2055 1613 Can.
2099 1557 2460 1612 residentialib.

50 1643 175 1718 (duo
210 1643 434 1716 vacant).
509 1630 641 1696 D'ec.
679 1650 730 1697 et
769 1642 898 1699 Can.
935 1642 1130 1696 habent
1165 1661 1387 1696 massam
1426 1661 1750 1697 communem
1789 1644 1968 1699 bonor.
2019 1644 2265 1698 immobil.
2321 1647 2462 1698 1150

42 1731 230 1804 jugera
266 1730 486 1799 contin.;
527 1730 634 1784 dec.
662 1729 948 1802 portionem
974 1729 1206 1802 duplam,
1246 1749 1357 1783 can.
1384 1730 1638 1803 simplam,
1679 1751 1810 1804 quae
1834 1733 2117 1786 maximum
2146 1741 2224 1787 est
2253 1735 2393 1786 1000
2412 1734 2462 1786 fl.

51 1817 247 1874 Omnes
283 1819 383 1874 hae
419 1817 744 1891 praebendae
794 1817 1046 1872 electione
1096 1817 1366 1890 capitulari
1413 1819 1780 1889 conferuntur,
1835 1830 1894 1875 ut
1941 1830 1993 1875 et
2043 1824 2075 1875 6
2115 1821 2463 1877 Canonicatus

50 1905 329 1962 honorarii.
405 1906 600 1963 Omnes
656 1913 789 1964 sunt.
830 1906 1045 1959 infulati.
1135 1905 1285 1961 Unus
1340 1924 1369 1959 e
1427 1908 1687 1962 canonicis
1745 1928 1943 1965 curam.
1979 1917 2200 1964 exercet.
2287 1908 2465 1962 Horae

54 1994 330 2060 canonicae
366 1993 563 2066 vigent.
599 2026 671 2034 —-
2051 2035 2053 2037 -

196 2083 244 2136 3.
324 2082 452 2155 Cap.
512 2081 654 2135 Eccl.
718 2082 826 2137 coll.
898 2080 1486 2137 Vetero-Boleslaviensis
1547 2082 1615 2136 ad
1664 2082 1761 2139 SS.
1813 2083 2054 2139 Cosmam
2116 2094 2168 2140 e't
2227 2084 2465 2139 Damian.

54 2190 173 2226 cum
208 2170 536 2244 Praeposito,
591 2169 822 2241 Decano·
846 2169 951 2250 (cui
987 2169 1224 2224 imminet
1262 2188 1383 2222 cura
1426 2170 1736 2244 animarum)
1774 2174 1821 2225 ,6
1861 2192 1970 2226 can.
2029 2174 2079 2244 (e
2119 2173 2302 2246 quibus
2352 2180 2465 2225 actu

56 2262 160 2316 duo
198 2261 446 2332 resident)
490 2268 542 2314 et
579 2261 612 2313 6
651 2277 760 2312 can.
811 2258 1116 2312 honorariis,
1190 2256 1550 2331 Praepositum
1598 2259 1830 2312 nominat
1866 2260 2186 2333 Imperator,
2238 2261 2365 2314 Dee.
2418 2267 2469 2314 et

58 2367 235 2403 omnes
287 2348 612 2402 canonicatus
662 2354 782 2400 sunt
830 2346 1026 2400 liberae
1075 2345 1365 2416 collationis
1422 2347 1886 2421 archiepiscopalis
1980 2349 2279 2421 Capitulum
2330 2367 2470 2402 reor-

59 2435 350 2508 ganisatur,
408 2454 568 2507 quare
621 2433 938 2508 superfluum
988 2441 1092 2502 est,
1150 2441 1502 2506 praesentem,
1534 2452 1793 2507 exponere
1848 2436 2211 2491 conditionem.
2296 2436 2470 2489 Habet

58 2508 268 2597 praedia
317 2518 390 2576 et'
417 2523 516 2576 alia
564 2518 701 2596 bona
749 2522 867 2576 circ.
919 2523 1077 2575 1.300
1105 2522 1298 2594 jugera
1348 2508 1690 2592 continentia,
1747 2543 1970 2597 quorum
2019 2526 2214 2579 reditus
2271 2534 2348 2580 est
2403 2524 2469 2576 ad

62 2611 254 2664 10.000
291 2610 342 2665 fl.
381 2630 450 2666 m.
489 2630 534 2664 a.
606 2610 703 2665 Est
740 2610 1153 2683 antiquissimum
1189 2609 1472 2664 Bohemiae
1509 2610 1806 2683 capitulum.
1884 2611 2079 2668 Omnes
2106 2621 2226 2695 sunt
2250 2611 2468 2665 infulati.

201 2699 252 2752 4.
323 2698 449 2771 Cap.
486 2698 624 2753 Eccl.
664 2699 834 2772 colley.
875 2698 951 2753 ad
984 2718 1152 2757 omnes
1189 2697 1402 2752 Sanctos
1438 2698 1494 2751 in
1533 2695 1699 2753 castro
1737 2699 1955 2772 Pragae,
1996 2719 2112 2753 cum
2149 2700 2469 2774 PraepositO,

59 2787 298 2855 DecanO,
354 2787 387 2840 3
426 2787 684 2841 canonicis
723 2789 773 2861 (1
817 2789 1017 2860 vacat),
1075 2805 1253 2841 omnes
1303 2786 1584 2840 collationis
1633 2787 1825 2859 regiae.
1869 2787 2198 2840 rFundatum
2248 2796 2357 2840 erat
2407 2788 2470 2839 ab

60 2874 194 2948 Imp.
232 2873 422 2930 Carolo
458 2874 558 2928 IV.
596 2894 692 2947 pro
727 2875 1105 2948 professoribus
1143 2873 1441 2946 theologiae
1479 2875 1702 2928 emeritis
1740 2874 1824 2930 vel
1859 2874 1920 2928 iis
1958 2874 2315 2942 sublevandiS,
2356 2881 2472 2926 actu

63 2961 187 3015 viris
223 2961 288 3015 de
323 2980 381 3016 re
416 2961 723 3015 scholastica
759 2962 966 3016 meritis.
1041 2961 1217 3016 Habet
1252 2961 1523 3035 praedium
1563 2963 1667 3015 503
1698 2961 1871 3034 juger.
1935 2961 2151 3015 Reditus
2183 2960 2473 3034 Praepositi

65 3055 118 3101 ct
141 3047 342 3119 Decani
376 3056 494 3103 actu
529 3057 650 3103 sunt
685 3049 968 3102 maximum
1008 3051 1366 3104 1000—1200
1399 3050 1478 3118 fl.;
1516 3069 1650 3104 unus
1690 3050 1964 3103 canonicus
2003 3050 2157 3103 habet
2193 3049 2257 3102 ad
2282 3050 2386 3102 350
2406 3048 2472 3114 fl.‚

68 3133 200 3187 alter
223 3128 428 3188 'nullam
464 3137 827 3208 praebendam.
902 3137 1032 3190 Pars
1068 3137 1266 3191 reditus
1304 3144 1595 3191 asservatur
1632 3137 1698 3190 ad
1735 3137 1989 3191 dotandos
2020 3137 2245 3208 reliquos
2273 3135 2474 3188 canoni-

70 3229 228 3275 catus
291 3221 487 3293 ‘Neque
522 3223 800 3278 residentia
835 3243 991 3279 sensu
1028 3225 1204 3279 stricto
1241 3225 1413 3279 locum
1450 3225 1636 3292 habet,
1692 3243 1862 3296 neque
1898 3225 2054 3277 missa
2104 3221 2474 3277 conventualis.

214 3311 261 3363 5.
301 3309 347 3362 E
386 3309 608 3382 capitulo
643 3313 818 3367 eccles,
858 3314 1042 3386 colleg.
1067 3312 1128 3367 B.
1156 3313 1228 3367 M.
1259 3314 1324 3367 V.
1363 3312 1502 3385 quod
1539 3313 1660 3366 olim
1708 3313 2046 3367 Oarlsteiniae
2082 3319 2206 3376 erat,
2235 3317 2476 3386 *superest

71 3397 238 3460 benef.
276 3397 496 3469 simplex
533 3397 733 3453 Decani
787 3401 926 3473 (cum
962 3400 1177 3475 praedio
1230 3401 1333 3454 543
1374 3401 1572 3473 juger.,
1629 3400 1825 3454 reditus
1876 3400 1995 3452 circ.
2033 3399 2177 3451 4000
2212 3398 2264 3450 fl.
2302 3417 2368 3449 m.
2407 3398 2473 3468 a.)

72 3483 354 3538 collationis
390 3484 584 3556 regiae.

218 3573 267 3625 6.
325 3570 696 3645 Beneficia
732 3587 1006 3630 curata:
1054 3576 1109 3628 in
1144 3574 1395 3629 Bohemia
1431 3577 1464 3630 2
1503 3573 1930 3647 Praepositurae,
1969 3575 2002 3626 2
2040 3571 2366 3637 Archidiac.,
2404 3573 2474 3626 42

75 3656 292 3726 Decan.,
331 3659 436 3712 508
471 3658 758 3714 Parochiae
781 3659 965 3734 simpl„
1006 3660 1295 3727 1’·‚Localia,
1334 3661 1368 3713 8
1393 3659 1757 3733 Expositurae,
1796 3662 1828 3712 9
1855 3658 2186 3731 Capellaniae
2224 3675 2475 3725 arcenseS,

80 3743 188 3797 384
219 3744 438 3819 Cooper.
477 3754 530 3800 et
556 3746 768 3819 Capell.,
807 3749 840 3800 9
876 3747 1347 3803 Administraturae
1382 3747 1757 3802 ecclesiasticae
1797 3746 2147 3818 (ecclesiarum
2184 3744 2477 3818 incorpora-

79 3835 299 3903 tarum),
347 3865 416 3873 —
471 3833 526 3887 in
563 3833 833 3888 Borussia:
888 3836 960 3889 48
1007 3855 1147 3909 pan,
1204 3839 1238 3890 6
1277 3835 1481 3904 Local.,
1537 3836 1570 3889 3
1604 3833 1869 3906 Exposit.,
1927 3834 1994 3886 52
2034 3831 2192 3903 Coop.
2243 3840 2295 3885 et
2332 3832 2474 3906 Cap.,
