2670 4126
2455 115 2481 155 9

78 260 157 309 est
211 251 434 326 primum
490 250 736 305 Austriae
790 249 1286 323 repraesentantium
1344 267 1546 320 corpus,
1606 246 1886 301 sessionem
1942 251 1993 299 et
2039 252 2221 298 votum
2276 244 2483 298 habent.

80 341 321 398 Ceterum
359 357 535 393 omnes
574 340 610 392 4
647 337 1054 412 Archiepiscopi,
1096 355 1315 409 quorum
1353 335 1647 407 provinciae
1697 335 1748 387 in
1787 335 1888 388 hoc
1936 333 2069 386 libro
2109 331 2485 400 describuntur,

79 428 339 499 Principis
376 426 581 479 titulum
620 427 826 497 habent.
865 459 870 461 <

219 537 268 588 4.
324 536 576 610 Episcopi
623 536 676 588 in
729 534 982 600 omnibUS,
1044 552 1177 606 quae
1213 541 1562 599 recensentur,
1623 532 1940 593 dioecesibus
1996 530 2050 584 in
2087 513 2369 601 Reliyiosos
2424 529 2487 581 iis

75 622 316 676 fruuntur
365 624 583 694 juribus,
642 641 775 694 quae
824 623 910 692 jus
968 640 1240 675 commune
1272 628 1386 673 ,aut
1445 620 1721 674 ordinaria
1777 628 1866 671 aut
1913 619 1966 670 vi
2018 616 2359 688 delegationis
2401 616 2488 689 (ex

81 710 226 765 Conc.
275 710 440 783 Tricl.)
495 711 555 763 iis
593 709 841 763 attribuit.
933 709 1226 781 Religiosac
1262 708 1456 780 ubique
1489 707 1838 778 jurisdictioni
1874 706 2250 778 Episcoporum
2288 703 2490 757 ordina-

75 798 182 852 riae
218 799 500 870 subjacent.

1195 970 1239 1035 §—
1316 965 1364 1044 77

963 1088 1056 1143 De
1117 1089 1596 1155 administratione.

225 1236 272 1292 1.
339 1235 538 1288 Vicarii
582 1235 803 1306 foranei
858 1253 896 1287 s,
947 1233 1150 1288 Decani
1203 1255 1242 1288 S.
1304 1235 1505 1289 Vicarii
1539 1236 1862 1289 districtuum
1911 1237 1978 1290 ab
2017 1235 2289 1308 Episcopis
2327 1237 2490 1290 nomi-

76 1331 266 1377 nantur
304 1322 479 1390 libere,
534 1321 678 1375 nulla
714 1322 922 1393 praevia
959 1323 1306 1394 parochorum
1346 1324 1600 1378 electione
1637 1324 1723 1378 vel
1762 1324 2223 1393 commendatione,
2281 1342 2309 1377 e
2346 1342 2493 1395 paro-

77 1412 185 1466 chis
247 1411 603 1473 decanatuum.
699 1409 774 1462 Hi
833 1409 1015 1464 decani
1069 1411 1275 1482 ubique⁶
1314 1432 1344 1463 a
1392 1412 1662 1485 republica
1710 1420 1767 1466 ut
1820 1411 2166 1484 „Inspectores
2201 1412 2493 1466 scholarum

78 1492 330 1553 district.“
364 1498 747 1552 confirmantur.
823 1497 1016 1565 Quare,
1056 1499 1098 1551 si
1136 1500 1450 1570 gubernium
1488 1501 1774 1574 parochum
1824 1509 1881 1553 ut
1928 1501 2273 1572 inspectorem
2311 1517 2495 1571 appro-

77 1588 204 1641 bare
242 1586 478 1657 deneget,
528 1585 816 1658 Episcopus
854 1589 943 1639 aut
979 1587 1136 1640 alium
1175 1587 1404 1641 nominet
1443 1588 1551 1640 aut*
1584 1589 1930 1642 controversia
1967 1610 1998 1642 a
2035 1588 2322 1642 ministerio
2363 1586 2495 1640 deci-

5 1673 8 1676 *
78 1675 229 1728 datur
265 1681 479 1748 oportet.
554 1673 803 1727 Liberum
841 1682 917 1727 est
954 1674 1223 1747 episcopiS,
1265 1695 1349 1730 eos
1390 1676 1680 1731 destituere.
1756 1676 1969 1749 Ubique
2006 1697 2118 1730 mos
2156 1677 2316 1747 viget,
2356 1673 2497 1745 quod

77 1763 138 1816 iis
176 1762 355 1815 titulus
419 1760 879 1828 „Consiliariorum
932 1762 1274 1830 consistorii“,
1336 1762 1565 1829 „ConsiL
1622 1764 1834 1819 eccleS.“
1892 1764 2160 1818 tribuitur.
2251 1763 2498 1834 Capitula

76 1851 286 1905 ruralia
321 1868 578 1921 nusquam
617 1849 859 1917 existunt,
898 1867 1070 1922 neque
1108 1851 1302 1924 „fundi
1338 1851 1715 1905 decanatuum“
1731 1874 1748 1919 ,·
1797 1853 2063 1925 impensae
2103 1853 2217 1924 (pro
2255 1851 2396 1903 victu
2446 1860 2498 1903 et

77 1940 306 2011 vectura)
356 1938 419 1991 iis
456 1937 797 2010 praestandae
849 1946 971 1991 sunt
1009 1958 1039 1991 a
1075 1939 1334 2011 parochiS,
1394 1959 1522 2011 quos
1561 1941 1844 2007 installant,
1884 1940 2109 2006 visitant,
2151 1947 2238 1992 aut
2275 1959 2304 1991 a
2341 1939 2498 2011 parti-

77 2027 172 2080 bus
207 2026 283 2100 (in
318 2025 479 2079 causis
500 2026 872 2097 judicialibus).
911 2026 1110 2079 Eorum
1139 2034 1249 2080 est:
1292 2027 1347 2098 1)
1377 2029 1654 2098 quotannis
1682 2028 1894 2081 visitare
1933 2027 2218 2094 ecclesiam,
2261 2027 2498 2080 aedificia

77 2115 260 2181 benef„
303 2113 503 2167 scholas
532 2113 884 2182 elementareS,
922 2114 977 2186 2)
1005 2114 1336 2167 matricarum
1363 2116 1570 2183 revisio,
1615 2117 1671 2187 3)
1699 2116 1957 2169 rationum
1986 2116 2050 2169 de
2077 2114 2223 2168 bonis
2251 2114 2499 2168 ecclesiae

78 2201 443 2255 administratis
478 2201 682 2269 revisiO,
732 2203 790 2273 4)
830 2202 1026 2255 referre
1059 2202 1125 2255 de
1158 2209 1292 2255 statu
1339 2204 1586 2274 cujusque
1629 2203 1865 2257 'beneficii
1905 2211 2001 2256 cet.
2045 2203 2112 2255 ad
2143 2202 2497 2270 Ordinarium,

69 2290 134 2361 ¹5)
167 2290 221 2343 in
245 2290 354 2344 fere
380 2289 619 2344 omnibus
647 2289 967 2342 dioecesibus
1006 2290 1155 2361 fungi
1182 2290 1646 2351 commissariorum
1676 2310 1894 2344 munere
1937 2291 1990 2343 in
2030 2291 2195 2344 causis
2234 2291 2495 2344 matrimo-

77 2377 314 2443 nialibuS,
353 2377 466 2430 aliis
494 2375 850 2430 ecclesiasticis
870 2376 935 2429 ad
961 2377 1132 2430 forum
1153 2378 1396 2448 judiciale
1422 2379 1816 2451 pertinentibuS,
1854 2380 1909 2450 6)
1938 2397 2245 2433 concursum
2274 2379 2499 2432 indicere

80 2472 132 2517 et
165 2464 394 2524 tabulam
420 2463 668 2517 conficere
691 2482 786 2536 pro
813 2463 1002 2541 scholis
1031 2465 1268 2519 element.
1307 2466 1624 2533 vacantibuS,
1666 2468 1721 2538 7)
1755 2467 1964 2520 decreta
1995 2465 2260 2520 Ordinarii
2296 2485 2498 2520 necnon

79 2551 472 2622 magistratuum
510 2551 710 2604 clericis
749 2546 1141 2620 communicare,
1179 2553 1457 2607 relationes
1498 2555 1806 2623 clericorum
1847 2572 2133 2625 omnesque
2171 2554 2299 2607 alias
2325 2554 2500 2608 literas

15 2630 17 2633 ’
79 2637 145 2689 ad
193 2637 310 2692 illos
350 2638 576 2710 dirigere
609 2647 709 2693 cet.
789 2639 1056 2714 Colloquia
1106 2631 1797 2715 („Capitelsconferenzen“)
1838 2643 2138 2696 clericorum
2176 2641 2405 2697 decanat.
2444 2643 2498 2694 in

78 2724 275 2797 aliquot
312 2725 629 2780 dioecesibus
668 2726 959 2782 introducta
998 2735 1132 2781 sunt.
1225 2728 1294 2780 In
1331 2728 1393 2781 iis
1444 2730 1668 2782 themata
1707 2730 1762 2782 in
1813 2729 2014 2801 scriptis
2066 2732 2275 2784 exarata
2323 2748 2497 2783 recen-

36 2833 39 2836 ·
78 2821 257 2867 sentur
293 2813 497 2886 aliaque
534 2833 630 2888 pro
667 2803 773 2867 vita
813 2815 1063 2887 pastorali
1100 2816 1394 2869 necessaria
1432 2825 1483 2868 et
1520 2817 1669 2869 utilia
1708 2817 2066 2870 discutiuntur.

222 2924 273 2976 2.
307 2916 593 2995 'Superiora
631 2923 799 2977 officia
847 2923 1142 2978 Vicariatus
1176 2925 1448 2996 yeneralis,
1511 2925 1886 2980 Ordinariatus
1924 2928 1987 2980 ab
2025 2926 2296 2998 Episcopis
2333 2926 2498 2979 libere

83 3019 484 3080 componuntur,
537 3011 822 3064 maximum
879 3031 943 3065 ex
983 3011 1258 3066 Canonicis
1314 3012 1435 3065 eccl.
1488 3013 1712 3066 cathedr.
1763 3014 2039 3087 Impensae
2087 3015 2394 3086 plerumque
2433 3013 2496 3064 ab

81 3093 351 3168 Episcopis
389 3106 511 3151 sunt
547 3099 842 3166 faciendae3
881 3099 935 3152 ir‘i
974 3099 1173 3170 aliquot
1211 3099 1531 3153 dioecesibus
1572 3119 1600 3154 e
1636 3101 1797 3155 fundo
1837 3101 1986 3173 relig.
2026 3099 2124 3175 pro
2164 3108 2312 3174 parte
2352 3119 2495 3172 pr-ae

79 3189 315 3249 stantur3
355 3184 544 3256 ubique
581 3186 734 3240 etiam
774 3194 941 3240 certae
981 3199 1139 3240 taoeac
1179 3187 1406 3240 existunt
1444 3189 1788 3242 cancellariae
1827 3190 1945 3262 (pro
1982 3189 2302 3254 investitura,
2343 3188 2497 3241 colla-

81 3268 219 3322 tione
257 3270 584 3347 canonicatus
635 3274 753 3346 cet.)
800 3282 854 3332 et,
899 3274 1349 3345 dispensationum.
1427 3275 1719 3329 Consiliarii
1758 3276 1823 3330 de
1878 3276 2066 3349 regula
2120 3294 2306 3328 munus
2356 3294 2495 3329 mere

79 3351 422 3411 honorificum
459 3358 668 3414 habent.

223 3465 424 3521 Eodem
461 3467 619 3522 modo
656 3468 920 3542 impensae
958 3490 1053 3543 pro
1099 3470 1376 3525 Tribunali
1412 3473 1788 3527 matrimoniali
1825 3473 1888 3525 ab
1927 3472 2049 3544 ipsis
2075 3470 2351 3543 Episcopis
2377 3477 2497 3524 sunt

80 3552 361 3621 faciendae,
416 3574 575 3626 quum
625 3567 783 3610 taoeac
830 3558 947 3631 lege
986 3558 1132 3611 civili
1174 3577 1446 3612 concessae
1483 3560 1706 3615 minores
1745 3560 1862 3627 sint,
1904 3559 2089 3631 quibus
2126 3560 2492 3611 resarciantur.

235 3661 521 3718 Tribunale
546 3685 652 3738 pro
690 3669 856 3719 causis
907 3667 1205 3723 clericorum
1255 3667 1678 3740 disciplinaribus
1717 3677 1769 3722 et
1806 3667 2160 3721 criminalibus
2215 3666 2384 3740 (eccl.)
2439 3666 2495 3719 in

83 3747 257 3820 paucis
293 3756 494 3803 tantum
546 3752 864 3807 dioecesibus
900 3754 1193 3808 institutum
1231 3762 1336 3808 est.
1411 3756 1529 3809 Hae
1569 3763 1748 3809 causae
1783 3754 2089 3827 plerumque
2130 3753 2494 3822 „administra-

84 3836 214 3888 tive“
252 3836 511 3893 finiuntur.
