2670 4126
2382 177 2461 224 131
2528 220 2532 224 .

193 335 234 372 6.
298 317 402 372 Pro
440 316 642 372 clericis
682 315 900 371 emeritis
939 311 1217 386 singularis
1269 308 1452 365 domus
1510 307 1587 365 vel
1639 307 1829 365 fundus
1880 329 1985 365 non
2036 308 2230 364 existit.
2308 312 2465 385 (Vide

52 407 185 459 infra
222 425 363 459 num.
402 405 543 477 IX..)

193 515 241 567 d.
282 514 459 568 Status
498 516 713 587 (1863):
773 515 796 566 1
845 513 997 585 episc.
1040 511 1106 564 13
1148 510 1298 582 capit.
1353 510 1495 581 (cum
1537 507 1712 579 Dec),
1771 509 1877 560 604
1927 527 2066 578 pan,
2128 508 2230 561 122
2285 509 2466 580 capell.

49 604 153 656 243
193 603 530 655 administrat.
567 600 775 674 paroch.
816 607 868 652 et
906 597 1231 671 capellaniar.
1273 606 1325 650 ct
1362 595 1554 648 vicarii.
1630 596 1791 647 Extra
1833 594 1991 648 dioec.
2034 596 2130 662 15,
2181 595 2332 666 jubil.
2384 596 2469 663 13,

52 690 248 742 emeriti
289 692 336 755 6,
377 689 612 743 demeriti
652 689 700 740 3.
777 685 990 740 Summa
1033 704 1133 738 sac.
1175 684 1359 738 saecul.
1399 683 1535 749 983,
1574 682 1743 753 regul.
1782 681 1926 734 nulli.
2002 681 2056 733 A
2093 681 2176 735 die
2215 683 2300 735 31.
2340 682 2467 736 Dec.

51 778 180 829 1851
229 776 294 829 ad
335 779 379 831 1.
419 776 546 830 Juni
589 776 728 828 1858
765 775 872 828 ord.
910 781 1030 828 sunt
1068 776 1191 840 261,
1231 766 1425 844 recepti
1465 774 1532 837 2,
1573 771 1767 842 egressi
1807 783 1858 823 et
1896 770 2085 824 mortui
2127 772 2263 840 205,
2302 771 2372 824 ita
2411 779 2469 824 ut

48 865 118 916 58
157 863 322 916 clerus
360 863 426 915 sit
464 871 659 915 auctus,
743 861 887 914 Unus
922 880 1026 917 sac.
1067 872 1136 914 est
1172 860 1247 914 ad
1282 860 1411 914 cath.
1453 859 1586 925 550,
1626 877 1760 911 unus
1799 870 2009 912 cwratua
2046 858 2112 911 ad
2148 859 2270 912 557.

198 994 261 1046 V.
300 993 597 1066 Reyulares.
673 994 890 1046 Masculi
928 993 1073 1046 nulli.
1149 992 1455 1064 Reliyz'osae.
1534 991 1576 1043 1.
1634 990 1752 1046 Sor.
1805 1009 1904 1043 car.
1944 990 2000 1046 S.
2041 990 2191 1044 Vinc.
2247 993 2271 1044 1
2331 991 2468 1045 dom.

46 1083 117 1134 46
155 1099 254 1133 sor.
328 1080 377 1133 2.
438 1079 696 1133 Francisc.
735 1100 889 1152 paup.
930 1081 961 1134 3
1006 1080 1115 1133 ord.
1156 1078 1497 1151 (Pirmasens)
1543 1080 1565 1130 1
1612 1077 1659 1129 d.
1698 1079 1784 1131 24.
1860 1077 1915 1130 3.
1961 1079 2077 1134 Sor.
2115 1077 2274 1131 schol.
2313 1097 2467 1151 paup.

46 1167 110 1220 dc
149 1166 213 1218 N.
254 1165 321 1218 D.
365 1169 386 1220 1
433 1167 483 1219 d.
529 1169 607 1221 16.
681 1169 733 1221 4.
775 1168 887 1224 Sor.
927 1166 1085 1221 schol.
1126 1167 1180 1223 8.
1220 1166 1406 1218 Franc.
1447 1166 1478 1219 3
1519 1165 1569 1220 d.
1610 1165 1694 1218 33.
1771 1163 1989 1217 Summa
2030 1166 2150 1220 119.

194 1296 285 1350 VI.
346 1296 606 1368 Beneficia
659 1300 704 1351 1.
749 1298 916 1370 Capit.
957 1297 1081 1352 eccl.
1122 1297 1255 1349 cath.
1313 1295 1390 1350 Sti
1434 1294 1643 1346 Martini
1683 1293 1859 1366 Episc.
1899 1302 1950 1347 et
1988 1293 2140 1349 Conf.
2180 1314 2295 1348 cum
2338 1295 2464 1348 Dec.

44 1384 242 1456 (praeb.
294 1386 453 1437 2400
502 1385 606 1457 fl.),
665 1387 697 1438 6
749 1404 858 1438 can.
917 1386 970 1458 (a
1025 1386 1180 1438 1.800
1228 1385 1278 1436 fl.
1331 1383 1556 1455 praeb.),
1616 1384 1648 1434 6
1698 1383 1873 1454 praeb.
1927 1402 1968 1438 s,
2006 1382 2103 1435 vic.
2163 1383 2211 1454 (1
2268 1388 2300 1436 a
2338 1384 2460 1450 900,

46 1475 77 1523 5
116 1475 148 1524 a
184 1472 291 1524 800
327 1471 417 1543 fl.).
492 1471 591 1526 Jus
629 1472 936 1545 providendi
972 1471 1109 1525 idem
1148 1478 1303 1542 atque
1342 1470 1394 1522 in
1433 1469 1744 1523 archidioec.
1785 1468 1929 1522 Frib.
1969 1502 2038 1510 —
2085 1468 2306 1522 Fabrica
2343 1470 2466 1524 eccl.

44 1558 176 1610 cath.
219 1559 375 1610 1.4oo
410 1559 490 1627 fl.‚
546 1578 640 1632 pro
691 1560 931 1633 expensis
971 1559 1137 1632 cultus
1176 1559 1348 1625 2150,
1405 1576 1503 1631 pro
1541 1555 1746 1610 aedituo
1798 1556 2015 1628 aliisque
2065 1557 2464 1612 inservientibus

43 1645 283 1699 ecclesiae
321 1646 441 1699 800.
480 1677 552 1687 —

187 1757 234 1812 2.
274 1754 431 1807 Alia.-
506 1755 612 1809 660
647 1774 755 1827 par.
765 1795 784 1821 ,
843 1756 946 1809 156
985 1754 1168 1828 capell.
1208 1754 1392 1827 (benef.
1445 1761 1620 1806 curata
1658 1753 1900 1807 resident.
1956 1761 2162 1826 praeter
2211 1757 2276 1823 6,
2334 1774 2466 1828 quae

44 1851 164 1893 sunt
204 1842 372 1895 benef.
410 1842 630 1915 si1npl.),
670 1843 738 1895 93
777 1843 931 1896 vicar.
970 1844 1005 1896 8
1042 1861 1151 1916 par.
1191 1842 1555 1914 incorporatae
1596 1849 1718 1894 sunt
1754 1842 2080 1896 universitati
2119 1841 2466 1915 Friburgensi

47 1930 70 1981 1
116 1930 251 1981 uniV.
292 1929 517 2001 Tubing.
591 1929 690 1984 Jus
726 1930 1036 2003 providendi
1074 1930 1274 2002 reliqua
1315 1929 1430 1982 vide
1457 1930 1512 1981 in
1541 1929 1671 1985 Tab.
1698 1928 1772 1982 Π.

195 2038 384 2092 Omnia
422 2038 660 2110 beneficia
695 2039 757 2091 iis
795 2048 996 2093 tantum
1034 2039 1238 2107 dantur,
1281 2038 1367 2110 qui
1406 2038 1459 2090 in
1503 2056 1785 2105 „concursu
1823 2038 2124 2110 pastorali“,
2180 2039 2465 2093 secundum

45 2123 204 2178 Conc.
243 2124 386 2178 Trid.
425 2126 744 2198 praescripta
781 2127 846 2179 ad
883 2146 1089 2181 normas
1129 2127 1402 2198 analogaS,
1455 2135 1514 2178 ut
1564 2126 1617 2177 in
1656 2121 1849 2180 archid.
1889 2125 2162 2198 Friburg.,
2221 2128 2269 2180 vi
2308 2127 2465 2181 facul-

43 2219 207 2265 tatum
244 2213 457 2285 apostol.
496 2213 841 2280 instituendO,
883 2214 1162 2267 examinati
1202 2222 1253 2267 et
1290 2214 1561 2286 approbati
1599 2222 1733 2266 sunt.

187 2322 419 2374 Plurima
455 2321 706 2375 beneficia
743 2322 891 2376 bonis
928 2321 1272 2376 immobilibus
1311 2331 1431 2374 sunt
1470 2322 1673 2389 dotata,
1728 2340 1859 2394 quae
1896 2321 2019 2375 olim
2059 2321 2307 2391 abbatiis,
2359 2342 2465 2376 mo·

45 2408 277 2462 nasteriis
317 2418 413 2462 cet.
451 2409 775 2482 incorporata
812 2419 985 2478 erant,
1042 2429 1108 2463 ex
1146 2410 1344 2463 aerario
1383 2411 1433 2462 vi
1488 2409 1714 2463 conclusi
1765 2409 1994 2482 deputat.
2050 2410 2172 2483 imp.
2224 2429 2269 2463 a.
2323 2411 2462 2463 1803

45 2496 305 2548 dotantur.
1253 2491 1257 2494 i

187 2626 315 2680 VII.
373 2627 601 2682 Scholae.
672 2629 717 2682 1.
774 2628 1096 2684 Universitas
1150 2628 1501 2700 Tubingensis
1555 2647 1668 2702 cum
1709 2628 1902 2701 facult.
1953 2628 2094 2681 theol.
2145 2628 2276 2681 cath.
2330 2645 2465 2700 quae

46 2713 201 2766 habet
239 2716 272 2766 6
309 2715 450 2769 Prof.
490 2715 655 2769 ordin.
729 2716 779 2770 2.
819 2715 1108 2788 Gymnasia
1145 2719 1178 2771 2
1218 2735 1357 2769 mere
1395 2717 1531 2767 cath.
1571 2715 1712 2787 (vide
1750 2735 1907 2787 supra
1938 2734 2078 2768 num.
2103 2715 2291 2787 IV.a.),
2332 2734 2464 2787 quae

43 2801 176 2854 sicut
213 2802 503 2855 institutum
528 2803 773 2857 Guilelm.
812 2822 878 2856 ex
915 2805 1114 2857 aerario
1152 2823 1283 2877 resp.
1323 2822 1351 2855 e
1389 2803 1535 2855 bonis
1570 2794 1752 2856 eccles,
1779 2802 2155 2856 saecularisatis
2182 2811 2464 2857 sustentata

47 2888 354 2943 Ordinarius
411 2890 592 2962 dirigit
650 2900 701 2944 et
755 2891 986 2963 inspicit,
1050 2899 1298 2962 quantum
1357 2899 1553 2963 spectat
1607 2890 1672 2943 ad
1731 2890 2087 2962 educationem
2148 2891 2462 2963 religiosam,

49 2974 371 3047 disciplinam
409 2977 769 3045 domesticam3
831 2977 1139 3032 Ordinarius
1178 2987 1407 3033 rectores
1446 2986 1497 3030 et
1532 2978 1843 3050 repetitores
1882 2977 2069 3031 horum
2106 2978 2459 3032 institutorum

49 3080 117 3115 ex
154 3062 275 3114 viris
312 3064 566 3134 gubernio
609 3066 772 3133 „eirca
814 3084 897 3119 res
937 3065 1113 3120 civiles
1151 3075 1201 3119 et
1238 3065 1508 3137 politicas“
1551 3064 1689 3118 haud
1743 3064 1946 3131 „minus
1984 3065 2241 3138 acceptis“
2295 3065 2459 3136 eligit.

48 3148 326 3204 Praeterea
385 3149 408 3203 1
470 3152 678 3223 lyceum
734 3162 785 3206 et
843 3155 865 3206 1
928 3172 1108 3224 gymn.
1165 3153 1389 3219 existit,.
1439 3172 1568 3224 quae
1624 3153 1896 3223 magistros
1952 3154 2201 3223 majorem
2255 3161 2458 3225 partem

50 3237 324 3290 catholicos
363 3237 570 3291 habent.
644 3239 697 3293 3.
737 3240 960 3295 Scholae
996 3259 1136 3295 mere
1174 3240 1457 3293 catholicae
1495 3240 1830 3295 elementares
1871 3243 1936 3313 (a.
1978 3241 2141 3312 1858)
2195 3242 2302 3295 823
2341 3259 2457 3294 cum

55 3316 194 3377 119‘0
230 3325 518 3396 magistris,
577 3345 705 3397 quos
742 3327 1055 3402 gubernium
1093 3328 1329 3381 nominat
1366 3329 1594 3400 exceptis
1637 3329 1863 3396 casibuS,
1920 3328 2008 3381 ubi
2050 3327 2282 3400 privatus
2325 3329 2459 3399 juris

50 3412 348 3466 nominandi
399 3412 578 3466 titulus
634 3413 822 3471 existit.
909 3415 1215 3469 Ordinarius
1273 3434 1364 3487 per
1418 3416 1672 3487 parochos
1729 3415 2104 3469 institutionem
2159 3415 2456 3488 religiosam

52 3503 231 3574 dirigit
280 3510 331 3555 et
378 3501 598 3573 inspicit.
672 3504 724 3556 4.
779 3502 1001 3576 Insuper
1047 3505 1155 3558 fere
1216 3504 1623 3575 unumquodque
1672 3503 1915 3575 oppidum
1966 3502 2194 3556 scholam
2242 3503 2455 3556 latinam

52 3599 105 3643 et
139 3590 330 3644 realem
367 3591 538 3644 habet.
2142 3603 2149 3612 ·

198 3720 350 3774 VIII.
406 3721 817 3775 Administratio.
894 3720 1456 3793 Ordinariatusxepisc.
1473 3785 1477 3792 ι
1497 3720 1780 3775 consistens
1820 3737 1887 3773 ex
1925 3719 2054 3774 Ord.
2105 3727 2156 3773 et
2207 3720 2455 3793 capitula-

55 3807 212 3875 ribuS,
254 3809 277 3860 1
322 3808 550 3879 syndico,
593 3811 615 3862 1
660 3817 853 3876 secret„
894 3811 919 3862 1
962 3810 1185 3882 registr.,
1224 3812 1257 3862 2
1297 3808 1521 3876 cancell„
1560 3810 1593 3863 2
1632 3806 1745 3860 aliis
1777 3806 1907 3860 offic.
1983 3805 2181 3871 Quodsi
2208 3806 2452 3861 Decanus

56 3913 168 3969 cap.
206 3894 271 3948 ad
308 3914 493 3949 munus
528 3896 727 3950 Vicarii
765 3895 899 3951 Gen.
937 3897 1001 3950 ab
1037 3896 1299 3971 Episcopo
1337 3896 1588 3968 eligatur,
1644 3895 1730 3946 alii
1767 3893 1949 3947 floreni
2004 3894 2142 3945 1100
2189 3893 2286 3965 ipsi
2335 3913 2454 3967 per-

2024 4009 2109 4053 94<-
