2670 4126
157 177 240 220 154

879 302 995 356 Vic.
1036 310 1195 375 apost.
1268 302 1490 358 Nicol.
1533 304 1833 359 Adames.

299 393 347 447 1.
385 392 652 446 Dividitur
687 390 742 443 in
783 391 849 444 13
888 390 1178 444 decanatus,

297 479 370 533 II.
432 479 623 533 Glerus.
648 495 762 531 sac.
806 495 937 531 saec.
978 479 1113 543 362,
1169 495 1276 548 reg.
1329 481 1389 544 9,
1446 477 1477 530 i.
1518 497 1556 531 s.
1608 479 1741 546 3713
1797 479 1853 532 in
1904 499 2024 534 cura
2073 483 2355 539 animarum
2401 488 2550 554 32Ο.,

157 567 358 620 emeriti
407 565 638 638 pension.
688 565 833 619 defic.
885 566 982 631 24,
1032 564 1179 635 jubil.
1231 567 1292 630 83
1348 565 1402 617 in
1457 565 1659 637 magist.
1715 518 1808 633 11,
1865 567 2002 639 apud
2057 569 2234 624 semin.
2284 571 2360 638 7.,
2414 574 2550 696 apud

158 655 392 708 militiam
434 655 490 719 1,
538 660 774 706 secretar.
813 652 909 704 vic.
949 660 1111 724 apost.
1148 655 1197 706 2.

301 739 404 793 ΠΙ.
443 739 739 811 Requlares.
813 739 880 792 A.
919 739 1180 811 Reliyiosi.
1258 741 1303 791 1.
1345 738 1479 794 Coll.
1516 739 1847 812 Redemptor.
1875 740 2143 810 Luxemb„
2181 745 2215 795 9
2243 762 2342 796 sac.
2381 672 2497 797 51}-
2465 756 2554 817 ps

160 832 192 883 2
232 846 374 894 nov.,
412 827 444 880 i.
484 848 523 879 s.
565 829 648 880 16.
691 860 756 866 -—
796 829 844 881 2.
884 825 1095 879 Fratres
1134 825 1308 879 Miser.
1350 828 1373 879 1
1420 844 1558 879 mon.
1599 830 1630 879 5
1668 827 1700 879 1.
1740 847 1790 899 p.
1832 829 1856 880 1
1901 847 2018 883 nov,
2092 829 2306 885 Summa
2342 833 2428 884 22.
2556 856 2562 873 2

301 915 363 967 Β.
414 913 715 986 Reliyiosae.
792 915 839 966 1.
891 912 1076 966 Franc.
1126 931 1281 986 paup.
1338 913 1386 969 3.
1441 911 1569 967 Ord.
1621 913 1919 986 (Aquisgr.)
1973 917 1995 968 1
2052 916 2169 970 inst.
2222 949 2287 956 -
2333 915 2388 971 2:
2421 916 2553 972 Sor.

163 1002 320 1055 schol.
361 1001 426 1055 de
463 1000 530 1054 N.
569 1000 637 1054 D.
682 1002 706 1053 1
748 1000 866 1053 inst.
904 1033 975 1039 —
1013 1001 1062 1052 3.
1102 999 1215 1055 Sor.
1254 999 1344 1052 inf.
1383 998 1510 1054 Jesu
1547 1019 1699 1073 paup.
1739 1002 1764 1053 1
1810 1001 1960 1069 dom.,
2002 1004 2065 1055 11
2107 1021 2205 1056 sor.
2244 1035 2314 1043 ——
2349 1000 2400 1057 4'.
2441 1003 2554 1058 Sor.

162 1088 323 1142 schol.
373 1087 429 1142 S.
474 1086 658 1140 Franc.
699 1085 814 1141 Ser.
853 1087 924 1141 24
962 1086 1142 1139 domus
1183 1094 1235 1140 et
1275 1084 1522 1140 instituta.
1560 1119 1630 1126 -—
1672 1091 1718 1140 5.
1758 1087 1870 1144 Sor.
1910 1088 1966 1144 S.
2005 1089 2124 1145 Car.
2162 1089 2310 1144 Borr.
2352 1092 2375 1143 1
2421 1090 2555 1145 dom.

158 1174 373 1229 Numeri
411 1174 465 1226 in
504 1173 860 1228 schematismo
900 1173 1098 1226 desunt.
1715 1232 1719 1238 ι

302 1261 402 1315 IV.
451 1260 713 1332 Beneficia
752 1269 804 1314 et
843 1259 1037 1314 officia:
1090 1278 1196 1331 par.
1235 1260 1368 1326 244,
1406 1259 1561 1313 vicar.
1604 1262 1699 1326 9-1,
1739 1259 1918 1332 capell.
1959 1262 2058 1329 91,
2096 1262 2309 1334 profeSS.
2346 1281 2468 1316 sem.
2507 1264 2556 1330 7,

159 1357 335 1403 secret.
373 1351 436 1415 2,
489 1355 645 1401 curat.
684 1347 831 1400 milit.
872 1349 931 1414 1,
984 1347 1229 1400 catechet.
1270 1345 1357 1400 off.
1392 1348 1457 1413 4,
1509 1346 1815 1401 directiones
1853 1349 2072 1403 scholar.
2111 1351 2173 1417 4,
2222 1344 2558 1422 professiones

159 1454 336 1507 gymn.
376 1437 438 1502 3,
494 1435 775 1488 universim
825 1435 946 1487 448.
1022 1433 1257 1498 Quatuor
1305 1434 1449 1487 unita
1499 1443 1617 1488 sunt
1666 1434 1792 1487 aliis.
1872 1434 1958 1488 Ex
2007 1435 2088 1488 his
2136 1437 2246 1490 444
2294 1437 2459 1491 benef.
2510 1445 2560 1490 et

161 1524 291 1576 offic.
329 1542 374 1575 a.
420 1523 556 1576 1863
594 1522 848 1575 vacabant
885 1523 1004 1586 106,
1044 1529 1095 1573 et
1133 1521 1339 1592 quidem
1379 1541 1517 1576 mere
1553 1541 1618 1576 ex
1656 1522 1819 1575 tribus
1846 1523 2102 1594 prioribus
2133 1526 2262 1595 (par.
2288 1523 2386 1575 vic.
2412 1523 2559 1595 cap.).

307 1609 496 1675 Quoad
567 1610 652 1680 jus
719 1608 1014 1662 conferendi
1083 1608 1281 1661 obtinet
1341 1611 1425 1681 jus
1495 1609 1918 1680 francogallicum
1993 1609 2152 1680 (valet
2203 1621 2342 1680 'ergo
2403 1609 2564 1663 libera

166 1696 421 1768 collatio);
459 1695 594 1749 idem
633 1704 710 1750 est
748 1696 812 1748 de
849 1695 1112 1749 beneficiis
1150 1704 1202 1748 et
1238 1696 1451 1767 reliquis
1491 1696 1631 1769 (vide
1668 1697 1827 1750 dioec.
1867 1696 2268 1768 Coloniensem).
2562 1753 2566 1761 ,

310 1783 376 1836 V.
428 1783 655 1837 Scholae.
748 1783 966 1837 Praeter
1014 1784 1252 1837 seminar.
1303 1775 1437 1835 cum'
1466 1785 1691 1838 instituto
1743 1785 1883 1838 theol.
1938 1785 1988 1856 [1
2045 1784 2218 1837 Praes.
2267 1791 2319 1836 et
2367 1786 2400 1836 6
2449 1782 2562 1836 aliis

164 1872 439 1944 professor.
479 1870 670 1941 cleric]
704 1870 726 1924 1
754 1889 932 1941 gymn.
973 1870 1303 1942 (athenaeum
1329 1869 1606 1942 Luxemb.)
1645 1890 1759 1923 cum
1788 1873 1819 1923 5
1848 1889 1984 1942 mag.
2014 1870 2178 1923 cleric.
2204 1877 2256 1923 et
2279 1870 2562 1924 convictor.

166 1961 189 2012 1
252 1958 430 2012 schola
484 1957 729 2011 normalis
786 1957 919 2028 (Dir.
978 1964 1029 2010 et
1084 1957 1276 2010 catech.
1333 1957 1476 2030 cler.)
1548 1959 1572 2010 1
1635 1957 1805 2012 media
1861 1966 1914 2012 et
1974 1951 2293 2011 industrial.'
2335 1957 2467 2028 (dir.
2503 1965 2563 2010 et

167 2047 191 2099 1
247 2045 378 2117 prof.
430 2045 572 2116 cler.)
628 2047 652 2097 1
706 2063 982 2116 progymn.
1043 2047 1091 2114 (1
1151 2043 1243 2097 dir.
1309 2052 1361 2098 et
1426 2046 1448 2097 1
1506 2045 1640 2117 prof.
1693 2045 1852 2117 cler.).
1954 2043 2263 2100 Scholarnm
2324 2043 2560 2099 element.

166 2149 435 2185 numerum
473 2131 677 2203 ignoro.
