2670 4126
2460 156 2514 206 1'3

98 314 445 379 agnoscuntur
500 310 550 356 et
597 300 888 356 testimonia
932 318 1030 373 pro
1082 298 1196 352 foro
1253 295 1391 350 civili
1441 295 1612 350 valida
1661 294 1800 366 dant,
1852 292 2130 366 magistros
2171 293 2515 347 Ministerium

98 393 328 448 nominat
364 410 429 445 ex
472 390 550 456 iis,
592 409 722 462 quos
759 387 1007 461 Superior
1044 385 1301 458 regularis
1338 385 1600 457 proponit.
1696 383 1794 438 His
1839 385 1927 455 jus
1977 391 2055 437 est
2104 401 2190 436 eos
2240 382 2307 435 ad
2342 401 2517 435 mona-

42 530 43 533 ,
97 481 308 539 sterium
343 478 643 533 revocandi.
716 476 913 530 Merces
951 475 1007 527 in
1046 473 1225 546 paucis
1265 473 1329 525 ab
1369 471 1566 525 aerario
1607 471 1773 538 datur,
1812 472 2091 544 pleraeque
2128 490 2158 522 a
2186 469 2295 523 solo
2336 469 2517 522 ordine

9 571 19 638 j,
96 574 460 620 sustentantur.
535 565 826 638 Episcopus
865 562 1162 615 missionem
1200 559 1506 630 religionem
1546 559 1764 611 docendi
1803 559 2017 612 confert.

241 657 287 709 2.
316 653 607 726 Gymnasia
631 650 832 703 laicalia
857 638 951 702 sub
979 648 1089 702 sola
1111 646 1395 701 directione
1418 647 1573 720 (resp.
1593 645 1874 717 Gubernii)
1904 645 2180 698 Ministerii
2205 652 2340 711 sunt,
2368 642 2518 715 Epis-

97 741 238 814 copis
276 748 433 794 restat
461 732 546 809 jus
585 737 892 809 designandi
931 736 1245 790 catechetam
1298 742 1349 786 et
1403 733 1676 787 ordinandi
1719 733 2155 794 Commissarium,
2215 732 2305 803 qui
2341 749 2519 783 omnes

96 829 342 882 lectiones
390 825 644 897 inspicere
699 833 885 897 potest,
942 842 1009 876 ne
1052 823 1177 895 quid
1235 821 1469 894 dogmati
1527 829 1579 873 et
1617 820 1844 872 moribus
1898 820 2166 873 catholicis
2204 818 2520 873 contrarium

100 916 356 981 doceatur,
412 913 572 966 libros
612 912 834 984 denique
871 909 1258 983 praescribendi
1295 927 1390 982 pro
1428 907 1702 979 religionis
1743 907 1992 960 doctrina.
2068 906 2176 962 Sed
2216 906 2388 979 quoad
2428 906 2520 958 hos

98 1003 259 1056 libros
298 1000 663 1073 episcoporum
699 998 914 1052 consilia
953 997 1246 1052 communia
1287 996 1599 1049 intervenire
1638 994 1844 1047 debent.

242 1089 291 1141 3.
349 1086 600 1150 Catholici
648 1086 865 1156 juvenes
927 1104 986 1138 ea
1042 1093 1244 1138 tantum
1283 1083 1560 1155 gymnasia
1612 1091 1663 1135 et
1713 1082 1913 1134 scholas
1963 1082 2132 1135 reales
2186 1083 2522 1152 frequentare

100 1176 307 1243 debent,
347 1192 480 1246 quae
518 1174 794 1246 magistros
833 1174 1031 1226 habent
1069 1173 1368 1226 catholicos,

243 1265 293 1315 4.
354 1262 445 1314 Ad
498 1261 592 1314 has
650 1262 852 1315 scholas
922 1261 1270 1334 inspiciendas
1339 1259 1673 1312 nominantur
1728 1277 1759 1309 a
1824 1256 2117 1310 Ministerio
2191 1255 2524 1324 „Consiliarii

99 1351 446 1404 scholarum.“

246 1440 294 1490 5.
335 1437 548 1491 Scholae
585 1437 906 1490 elementares
944 1443 1064 1488 sunt
1102 1436 1153 1507 a)
1193 1434 1472 1501 normales,
1525 1434 1573 1486 b.
1614 1432 1858 1505 capitales
1899 1431 2201 1503 (puerorum
2242 1438 2293 1484 et
2329 1430 2522 1502 puella-

100 1546 232 1594 rum,
273 1533 362 1578 aut
398 1525 549 1578 unius
589 1525 817 1597 generis)
858 1525 907 1597 c)
937 1523 1181 1595 capitales
1222 1530 1275 1575 et
1310 1522 1476 1575 reales
1502 1521 1789 1595 inferioreS,
1829 1519 1885 1590 d)
1916 1518 2158 1590 capitales
2184 1518 2521 1590 parochialeS,

102 1614 152 1685 e)
190 1612 434 1666 trivialeS.

245 1702 294 1753 6.
332 1688 574 1771 Magistri
613 1708 703 1752 aut
759 1699 812 1772 a)
852 1698 1089 1771 magistri
1128 1697 1449 1771 (magistrae)
1489 1696 1613 1764 veri,
1673 1703 1763 1748 aut
1818 1695 1874 1767 b)
1914 1693 2011 1747 soli
2051 1700 2406 1765 cooperatores
2445 1692 2525 1746 vel

102 1788 152 1859 c)
190 1787 527 1859 submagistri
564 1794 699 1839 sunt.

247 1876 297 1928 7.
348 1874 575 1930 Scholae
627 1875 971 1950 elementares
1010 1881 1100 1926 aut
1161 1873 1213 1945 a)
1251 1891 1280 1926 e
1316 1871 1480 1926 fundo
1533 1870 1772 1943 generali
1825 1868 2382 1942 (Normalschulfond),
2439 1876 2528 1921 aut

103 1963 158 2035 b)
198 1982 228 2015 a
266 1962 646 2030 communitate,
704 1969 791 2015 aut
842 1961 893 2034 c)
932 1981 962 2014 a
998 1969 1221 2034 patrono
1262 1967 1315 2013 et
1365 1959 1733 2012 communitate
1772 1964 2145 2011 sustentantur.

249 2051 297 2111 8.
335 2049 521 2122 Usque
571 2051 637 2103 ad
675 2069 718 2103 a.
761 2051 902 2103 1864
950 2050 1228 2123 parochiae
1280 2056 1528 2121 patronus
1567 2066 1634 2101 ex
1670 2047 1791 2118 lege
1842 2053 1954 2099 erat
2004 2044 2212 2098 scholae
2261 2052 2525 2116 patronus.

104 2137 332 2209 Legibus
369 2138 775 2210 provincialibus
814 2138 1132 2209 generaliter
1168 2137 1361 2208 ubique
1392 2136 1479 2207 jus
1516 2142 1819 2207 patronatus
1859 2134 2224 2188 scholasticum
2250 2132 2358 2186 solo
2396 2131 2527 2203 legis

103 2225 256 2279 titulo
293 2226 564 2279 fundatum
604 2234 681 2281 est
718 2226 985 2279 abolitum.
1059 2225 1171 2280 Ubi
1210 2224 1322 2277 aliis
1360 2222 1522 2275 titulis
1560 2222 1758 2289 nititur,
1787 2222 1954 2292 viget.

249 2312 356 2367 Pro
408 2313 587 2367 schola
637 2322 855 2368 vacante
892 2313 1085 2366 triviali
1133 2313 1271 2365 intra
1309 2311 1596 2364 districtum
1643 2310 1923 2363 scholarem
1983 2307 2335 2382 (decanatum)
2395 2305 2528 2359 Gon-

108 2418 284 2453 cursus
339 2401 599 2454 indicitur.
693 2401 895 2454 Tabula
946 2400 1362 2454 concurrentium
1413 2398 1690 2469 dignorum
1730 2417 1760 2449 a
1799 2398 1996 2451 decano
2045 2396 2269 2448 traditur
2306 2404 2528 2468 patrono

109 2488 190 2541 vel
241 2488 608 2543 communitati.
684 2489 855 2554 Quem
905 2489 990 2541 hic
1026 2487 1393 2561 praesentavit,
1453 2486 1513 2553 ei,
1569 2485 1611 2537 si
1651 2494 1838 2556 agatur
1889 2485 1953 2538 de
1992 2484 2241 2555 magistro
2279 2483 2529 2536 inferiore

109 2575 194 2628 vel
231 2583 574 2647 cooperatore,
613 2575 677 2628 ab
714 2577 828 2650 ipso
868 2577 1075 2641 decana,
1102 2575 1160 2651 ,si
1197 2584 1383 2646 agatur
1421 2573 1487 2626 de
1522 2592 1646 2627 vero
1674 2573 1923 2643 magistro
1962 2572 2189 2644 (scholae
2219 2570 2528 2643 parochialis

108 2663 215 2716 sive
273 2663 468 2734 filialis)
524 2665 588 2716 ab
627 2662 910 2717 Ordinario
969 2662 1360 2737 (Consistorio),
1418 2661 1655 2732 magistri
1710 2661 1973 2714 decretum
2015 2660 2179 2712 datur.
2282 2659 2527 2713 Ceterum

107 2758 353 2822 patronus
390 2751 863 2822 praesentationem
901 2750 1149 2804 directam
1187 2750 1312 2803 dare
1349 2756 1534 2823 potest,
1572 2767 1673 2820 qua
1709 2747 1938 2801 munitus
1977 2747 2279 2800 candidatus
2319 2765 2372 2798 se
2413 2764 2529 2797 con—

109 2837 309 2891 sistorio
346 2847 655 2910 praesentet.

253 2921 344 2978 Ad
384 2925 640 2994 „scholam
677 2924 952 2998 capitalem
978 2925 1234 2997 paroch.“
1276 2931 1526 2997 patronus
1565 2930 1874 2994 praesentat,
1917 2922 2251 2977 Gubernium
2291 2937 2530 2993 praesen-

113 3012 361 3065 tationem
403 3013 504 3080 „ad
528 3013 872 3084 cognitionem
893 3012 1366 3066 confirmatoriam“
1397 3009 1596 3081 recipit,
1625 3009 2000 3064 Consistorium
2029 3010 2293 3063 decretum
2320 3007 2530 3060 confert.

115 3098 411 3153 Directores
431 3097 601 3172 'hujus
639 3101 846 3155 scholae
877 3120 977 3175 pro
1017 3100 1200 3171 regula
1238 3106 1360 3152 sunt
1397 3097 1653 3170 parochus
1694 3117 1809 3151 cum
1847 3118 1956 3152 uno
1998 3116 2026 3151 e
2065 3096 2338 3167 magistris,

260 3185 364 3238 Pro
419 3187 607 3241 scholis
662 3207 786 3242 vero
847 3188 1159 3260 capitalibus
1215 3195 1465 3259 patronus
1523 3193 1575 3238 et
1629 3186 1990 3239 consistorium
2044 3191 2379 3257 praesentant
2428 3181 2533 3234 voti

117 3271 286 3326 mod0.
344 3271 671 3327 Gubernium
709 3293 894 3328 munus
934 3276 1138 3330 confert
1175 3283 1227 3327 et
1266 3274 1531 3327 decretum
1568 3273 1792 3344 expedit.
1847 3273 1996 3326 Idem
2037 3280 2113 3324 est
2151 3271 2214 3328 de
2247 3270 2533 3323 Directore.

260 3358 326 3411 In
363 3359 553 3414 scholis
592 3362 992 3417 elementaribus
1033 3364 1098 3417 de
1136 3363 1258 3434 lege
1309 3360 1562 3434 parochus
1612 3361 1919 3431 religionem
1957 3359 2130 3426 tradit,
2181 3359 2326 3428 cujus
2365 3355 2537 3408 lectio-

117 3464 211 3499 nes
268 3447 509 3518 magistri
572 3458 828 3521 repetunt.
935 3450 1114 3516 Quum
1171 3466 1297 3502 vero
1356 3465 1606 3521 persaepe
1671 3456 1884 3519 propter
1937 3464 2188 3516 magnum
2244 3444 2539 3497 scholarum

118 3533 349 3587 filialium
389 3552 662 3588 numerum
698 3536 800 3593 hoc
834 3538 947 3591 fieri
983 3557 1089 3591 non
1128 3536 1306 3610 possit,
1346 3535 1574 3607 parocho
1611 3536 1947 3608 approbante,
1991 3532 2229 3604 magistri
2265 3531 2384 3583 laici
2419 3531 2538 3583 reli-

121 3621 327 3692 gionem
364 3622 587 3676 tradunt.

263 3708 425 3781 Apud
461 3709 662 3763 scholas
701 3709 946 3782 capitales
983 3711 1224 3784 proprius
1262 3717 1340 3776 est
1378 3710 1656 3776 catecheta,
1698 3726 1851 3780 quem
1889 3706 2195 3763 Ordinarius
2233 3704 2468 3758 instituit.

266 3795 514 3868 Inspectio
567 3797 860 3851 scholarum
914 3799 1199 3852 trivialium
1256 3805 1308 3851 et
1356 3796 1735 3870 parochialium
1792 3795 1941 3866 capit.
2006 3794 2064 3845 fit
2118 3811 2211 3865 per
2266 3793 2539 3866 parochOS‚

128 3881 312 3954 quibus
367 3883 529 3938 additi
575 3894 696 3938 sunt
746 3885 811 3940 de
846 3886 1032 3956 regula
1068 3886 1391 3957 inspectores
1446 3883 1564 3937 laici
1616 3902 1645 3935 a
1695 3880 2058 3934 communitate
2107 3879 2274 3935 electi.
2367 3879 2540 3952 Supra
