2670 4126
187 131 270 181 146

185 267 610 340 responderent.“
684 265 953 320 Indultum
994 264 1116 334 fuit,
1173 275 1230 320 ut
1268 265 1513 322 dioecesis
1553 266 1848 340 Osnabrug.
1888 266 2074 322 erectio
2103 271 2503 344 suspenderetur
2540 278 2592 325 et

182 355 443 409 interdum
497 375 526 409 a
592 356 695 407 Vic.
751 374 864 426 qen.
923 354 1268 426 Osnabrugae
1322 356 1580 409 residente
1636 355 2090 412 administraretur.
2191 358 2336 413 Haec
2394 361 2590 414 dotatio

182 443 336 497 realis
374 443 439 495 ad
477 443 671 496 exitum
710 441 961 516 perducta
1000 461 1104 495 non
1142 451 1233 494 est.

327 532 373 583 6.
430 529 494 582 In
531 548 700 600 regno
741 529 902 582 multa
939 529 1248 582 exstiterunt
1286 530 1594 583 monasteria
1634 530 1887 582 catholica
1932 531 2096 583 omnis
2145 533 2379 602 generiS,
2438 555 2587 607 quae,

183 618 304 670 dum
343 636 428 683 ea,
488 635 621 687 quae
659 617 723 668 ad
762 616 1234 688 protestantismum
1274 636 1326 670 se
1365 626 1747 683 converterant,
1805 637 1965 688 usque
2003 617 2067 670 ad
2107 627 2339 672 nostrum
2387 630 2588 695 tempus

182 711 479 758 conservata
517 712 665 770 sunt,
698 704 793 757 etsi
831 702 896 755 ad
935 702 1063 756 alios
1100 703 1245 770 fineS,
1287 704 1569 756 saecularia
1606 713 1726 756 sunt
1764 704 1981 757 reddita.
2060 705 2297 770 Quorum
2338 707 2470 760 bona
2505 710 2590 762 ad·

181 791 537 844 ministrantur
575 791 638 843 ab
677 790 847 843 officio
885 790 1118 863 publico,
1178 791 1313 862 quod
1361 800 1568 843 vocatur
1623 777 2153 857 „Klosterkammer“'
2192 792 2436 863 (Gamera
2483 814 2590 850 mo·

180 877 556 946 nasteriorum).
630 876 848 930 Reditus
887 897 1085 930 annuus
1126 886 1205 931 est
1247 879 1476 931 552.122
1516 878 1654 944 thal„
1695 897 1721 930 e
1761 878 1944 948 quibus
1982 898 2075 950 pro
2114 879 2226 931 sola
2258 881 2591 936 universitate

183 964 516 1035 Gottingensi
572 973 782 1036 protest.
841 965 1116 1037 quotannis
1172 965 1542 1036 impenduntur
1601 966 1819 1030 121‚781
1883 965 2032 1031 thal.,
2103 986 2197 1039 pro
2259 968 2398 1021 cultu
2456 970 2590 1025 cath.

182 1052 449 1123 utriusque
488 1050 738 1105 dioecesis
777 1071 821 1104 a.
864 1053 1003 1106 1863
1043 1060 1244 1104 tantum
1282 1053 1477 1119 46‚006
1516 1052 1616 1119 th.,
1675 1052 1861 1123 reliqui
1901 1054 2182 1106 maximum
2221 1073 2318 1126 pro
2358 1056 2499 1109 cultu
2538 1067 2591 1111 et

179 1139 520 1192 instructione
558 1147 770 1211 protest.
804 1131 809 1137 ’

325 1227 372 1279 7.
411 1225 679 1297 Episcopi,
719 1225 953 1297 quamvis
992 1225 1190 1301 aliquot
1228 1225 1454 1279 existant
1493 1226 1838 1278 restrictiones
1876 1234 1927 1279 et
1962 1225 2223 1280 interdum
2261 1228 2470 1282 difficile
2506 1230 2589 1299 sit,

178 1314 231 1366 in
267 1331 446 1385 regno,
487 1314 633 1384 cujus
671 1322 872 1367 veteres
910 1322 1082 1386 partes
1122 1320 1330 1386 protest.
1372 1322 1503 1385 sunt
1532 1322 1584 1366 et
1608 1322 1949 1385 protestantes
1975 1314 2083 1367 fere
2109 1315 2344 1368 omnibus
2372 1316 2590 1388 alicujus

179 1400 428 1455 momenti
465 1401 645 1453 officiis
683 1401 903 1473 publicis
940 1401 1243 1471 funguntur,
1294 1419 1444 1452 suum
1483 1400 1730 1453 ecclesiae
1769 1401 2050 1455 catholicae
2081 1402 2166 1471 jus
2205 1401 2391 1470 tribui,
2430 1423 2588 1475 gene·
2658 1471 2659 1474 Ἴ

179 1490 354 1542 raliter
390 1488 797 1560 jurisdictionem
835 1487 1117 1541 secundum
1148 1488 1233 1557 jus
1268 1505 1543 1539 commune
1568 1487 1730 1541 libere
1755 1487 2027 1540 exercendi
2052 1497 2306 1559 potestate
2332 1490 2613 1545 fruuntur.‘

325 1577 372 1629 8.
414 1575 655 1647 Registra
691 1587 852 1628 status
890 1575 1053 1627 civilis
1090 1594 1119 1626 a
1158 1574 1395 1646 parochis
1434 1584 1712 1644 geruntur,
1754 1575 1841 1646 qui
1880 1575 2155 1645 quotannis
2196 1594 2372 1630 eorum
2413 1579 2585 1651 copias
2660 1572 2670 1582 ‘

177 1672 279 1716 tam
321 1663 677 1716 Ordinariatui
717 1682 870 1734 quam
910 1661 1180 1716 Gubernio
1218 1661 1442 1714 tradunt.

322 1753 369 1803 9.
426 1750 689 1822 Beneficia
738 1750 896 1821 longe
947 1749 1171 1822 plurima
1218 1749 1412 1802 liberae
1464 1757 1582 1801 sunt
1632 1748 1945 1815 collationis3
2017 1750 2288 1821 parochiae
2343 1751 2403 1804 iis
2468 1771 2588 1806 con-

177 1839 435 1904 seruntur,
493 1838 580 1908 qui
626 1837 677 1888 in
731 1856 988 1890 concursu
1037 1836 1296 1907 generali,
1355 1835 1628 1906 quotannis
1678 1836 1992 1889 instituendo
2043 1838 2316 1909 approbati
2367 1839 2587 1894 fluerunt.

177 1926 476 1995 Antequam
517 1943 637 1978 vero
679 1923 984 1976 beneficium
1024 1924 1185 1976 ullum
1226 1924 1536 1989 conferat-ur,
1580 1924 1714 1993 reqis
1751 1908 2064 1994 confirmatio
2102 1923 2238 1977 adsit
2273 1938 2479 1997 oportet.

325 2013 403 2064 10.
470 2011 669 2064 Titulus
706 2011 1046 2065 ordinationis
1082 2011 1152 2063 ita
1196 2010 1548 2074 constituitur,
1604 2019 1662 2061 ut
1711 2030 1740 2061 a
1791 2010 2013 2082 quodam
2061 2030 2360 2082 possessore
2411 2013 2588 2084 magni

103 2151 106 2155 .
178 2098 378 2171 praedii
417 2098 664 2168 obligatio
705 2098 854 2151 detur
892 2107 980 2151 aut
1016 2098 1378 2169 patrimonium
1418 2096 1710 2167 hypotheca
1748 2107 2004 2150 oneretur.

322 2187 404 2240 11.
471 2185 626 2239 Bona
682 2186 1016 2239 ecclesiastiea
1071 2185 1497 2238 administrantur
1558 2183 1835 2236 secundum
1892 2184 1976 2253 jus
2039 2203 2333 2252 commune3
2403 2186 2586 2240 iisdem

176 2273 382 2326 tributis
432 2274 724 2342 subjacent,
786 2292 939 2343 quam
991 2273 1204 2343 reliqua.
1291 2271 1505 2325 Tributa
1556 2271 1888 2325 ecclesiastica
1940 2291 2042 2325 non
2094 2266 2321 2326 existunt
2375 2284 2585 2344 praeter

175 2362 554 2433 eleemosynam
593 2370 824 2432 tempore
863 2359 1295 2431 quadragesimali
1333 2379 1363 2410 a
1401 2358 1664 2410 catholicis
1703 2377 1804 2410 non
1843 2360 2156 2431 pauperibus
2194 2377 2292 2431 pro,
2339 2359 2584 2421 institutis

175 2447 486 2502 dioecesanis
526 2447 821 2518 (seminario
861 2448 977 2517 cet.)
1018 2446 1240 2499 dandam
1280 2454 1332 2499 et
1369 2465 1443 2511 ea,
1490 2464 1620 2516 quae
1652 2445 1711 2497 'in
1749 2443 1963 2516 singulis
2004 2447 2450 2500 communitatibus
2487 2465 2583 2520 pro

172 2535 557 2588 necessitatibus
598 2534 952 2588 ecclesiasticis
991 2533 1238 2587 solvenda
1274 2533 1410 2586 inter
1448 2532 1721 2585 catholicos
1761 2533 2073 2586 dividuntur.
2164 2533 2381 2587 bructios
2428 2536 2582 2588 inter-

174 2622 399 2686 calares,
441 2621 671 2675 deductis
710 2620 1167 2674 administrationis
1205 2620 1471 2691 expensis,
1523 2619 1758 2672 beneficii
1799 2620 1947 2672 fiunt.

320 2710 401 2761 12.
458 2708 670 2762 Scholae
707 2709 1028 2761 elementares
1067 2707 1200 2760 cath.
1242 2706 1537 2760 Ordinariio
1578 2708 1822 2774 subsunt,
1881 2707 1970 2778 qui
2023 2708 2292 2778 magistros
2344 2705 2587 2775 instituit,

172 2803 478 2866 cooperante
520 2795 934 2863 „Consistorio“3
975 2795 1209 2866 magistri
1248 2804 1298 2848 et
1335 2795 1539 2847 scholae
1573 2796 1637 2847 ab
1664 2794 1934 2847 ordinariis
1960 2795 2315 2866 inspiciuntur.
2380 2794 2575 2849 Omnes

174 2882 381 2934 scholae
428 2881 760 2935 elementares
811 2882 1094 2935 secundum
1143 2881 1485 2935 confessiones
1537 2880 1900 2934 discernuntur
1956 2881 2112 2954 (Vide
2155 2882 2299 2952 leges
2342 2883 2420 2933 14.
2461 2881 2578 2936 Oct.

181 2970 338 3034 1848,
391 2970 478 3021 26.
529 2967 657 3020 Maii
697 2969 876 3039 1845).
956 2969 1247 3040 Gymnasia
1287 2968 1613 3038 (quibuscum
1652 2967 1860 3020 scholae
1898 2968 2058 3035 reales
2097 2977 2217 3020 sunt
2254 2969 2583 3040 conjunctae)

179 3054 533 3108 aMinisterio
571 3062 852 3125 reguntur,
894 3054 1092 3108 Hildes.
1133 3066 1257 3108 vero
1295 3062 1371 3107 est
1409 3054 1712 3125 episcopale.

321 3143 403 3194 13.
446 3140 757 3194 Consistoria
796 3142 1035 3210 (formata
1074 3163 1102 3193 a
1141 3141 1402 3194 catholicis
1440 3140 1785 3193 sacerdotibus
1824 3149 1875 3192 et
1913 3140 2168 3194 directoie
2201 3142 2579 3211 jureconsulto)

181 3236 402 3280 tractant
440 3236 656 3281 externa
693 3228 1014 3295 scholarum,
1054 3247 1229 3281 causas
1268 3227 1690 3294 matrimonialeS,
1730 3247 1810 3280 res
1849 3227 2020 3281 civiles
2061 3229 2372 3281 clericorum.
2446 3228 2582 3320 Sunt

176 3333 302 3368 vero
341 3315 510 3368 officia
547 3316 733 3369 civilia.

1409 3438 1494 3491 86.

517 3538 590 3594 Α.
667 3538 958 3593 Dioecesis
1002 3545 1226 3593 ememta
1272 3443 1634 3593 gallesiensis
1690 3501 1822 3608 [H
1798 3557 1818 3594 z
1836 3535 1909 3592 ld
1920 3556 1948 3592 e
1967 3557 1996 3591 s
2011 3537 2045 3592 Ιι
2061 3556 2090 3592 e
2105 3558 2125 3594 ι
2113 3539 2247 3610 m).

168 3735 170 3738 ι
322 3660 562 3714 Fundata
611 3680 642 3712 a
688 3660 957 3715 Ludovico
1005 3660 1103 3714 Pio
1154 3681 1198 3713 a.
1250 3664 1355 3716 822
1407 3662 1630 3734 primum
1678 3663 1875 3735 recepit
1924 3664 2233 3734 episcopum.
2332 3659 2576 3730 Subjecta

180 3755 290 3797 erat
326 3747 437 3800 sedi
475 3747 828 3819 Moguntinae.
904 3748 970 3801 A.
1013 3749 1148 3802 1803
1187 3749 1458 3801 saecularis
1495 3747 1695 3802 reddita
1733 3768 1774 3801 a..
1817 3744 1956 3804 1824
1993 3748 2227 3802 restituta
2264 3755 2315 3800 et
2361 3747 2573 3800 circum-

181 3831 371 3903 scripta
407 3843 497 3886 est.
573 3834 804 3901 Quartus
844 3835 1030 3889 exinde
1068 3834 1335 3908 episcopus
1374 3844 1479 3888 est:
