2670 4126
134 101 160 142 8

131 237 278 282 vatus
329 229 694 302 aliquempiam
731 247 758 281 e
793 226 1141 280 sacerdotibus
1180 228 1233 281 in
1271 229 1459 282 tabella
1508 228 1729 301 receptis
1767 237 2094 303 praesentare
2129 224 2312 304 potest.
2408 234 2544 289 Vide
2618 279 2620 286 .

131 317 346 389 amplius
386 318 451 370 cle
490 318 586 370 hac
624 335 710 370 re:
752 315 1042 369 Schulte
1081 315 1322 370 Manuale
1352 317 1484 387 juris
1523 313 1866 370 ecclesiastici.
1925 315 2124 371 ‘Gissae
2167 321 2318 374 1863.
2370 326 2415 391 ξ.
2459 324 2543 376 74.

279 407 329 458 4.
389 405 479 460 Uti
533 425 598 458 ex
647 403 824 457 tabula
873 402 944 456 II.
1002 403 1055 455 in
1107 405 1389 476 appendice
1437 405 1603 478 posita
1652 410 1869 476 apparet
1924 411 2096 458 tantus
2151 407 2347 479 ubique
2400 410 2567 464 adest*
2652 422 2657 432 “

133 499 483 564 patronorum,
515 490 767 563 imprimis
797 490 1129 562 privatorum,
1169 511 1429 558 numeruS,
1470 500 1529 545 ut
1563 490 1824 563 Episcopi,
1863 490 2039 562 paucis
2067 493 2265 547 casibus
2291 495 2542 569 imprimis

136 588 435 654 patronatus
473 578 625 633 realis
667 578 911 651 exceptiS,
963 597 1019 631 re
1058 597 1178 632 vera
1218 579 1482 632 minimam
1522 579 1576 632 in
1613 578 1871 631 beneficiis
1910 578 2227 649 providendo
2262 583 2366 636 vim
2405 603 2542 638 exer-

137 687 251 722 cere
299 668 508 741 possint.
606 665 742 720 Nam
795 665 1158 719 difficillimum
1212 685 1343 730 esse,
1409 667 1572 719 ullum
1622 684 1834 739 prorsus
1891 666 2232 733 „inhabil‘em“
2287 669 2542 724 declarare

136 763 278 809 tanto
317 754 482 825 magis
521 761 750 827 apparet,
791 762 985 825 quanto
1026 753 1213 807 certius
1253 762 1343 820 est,
1384 771 1619 823 examen,
1671 753 1733 806 de
1772 772 1875 824 quo
1913 755 2099 825 agitur,
2151 756 2256 809 fere
2293 775 2542 830 nusquam

134 842 416 914 rigorosius
455 860 579 895 esse.
653 841 735 894 Ita
773 840 843 907 fit,
882 850 940 894 ut
977 860 1226 915 persaepe
1264 842 1567 908 sacerdotes,
1608 841 1696 913 qui
1735 860 1908 894 curam
1948 851 2189 896 exercent
2224 844 2278 895 in
2304 846 2545 916 parochia

135 930 354 1004 patroni,
395 929 483 1001 qui
522 947 676 982 unam
715 936 915 982 tantum
956 937 1041 982 aut
1078 948 1267 1001 paucas
1306 929 1461 983 habet
1498 929 1734 983 ecclesias
1774 928 1933 1001 ipsius
1960 930 2253 1003 patronatui
2279 932 2544 1003 subJectaS,

136 1035 301 1090 usque
347 1015 412 1069 ad
464 1037 506 1069 a.
561 1018 726 1070 50¹¹¹¹¹¹¹¹
766 1017 1020 1090 capellani
1071 1035 1285 1071 munere
1322 1017 1623 1088 fungantur,
1674 1017 1760 1070 alii
1799 1024 1921 1070 ante
1971 1018 2138 1070 3011111111
2178 1018 2313 1072 vitae
2353 1038 2544 1074 annum

138 1105 352 1179 parochi
389 1104 529 1157 fiant.
604 1103 743 1157 Hinc
781 1104 1104 1159 sacerdotum
1143 1105 1386 1176 penuria!
1438 1103 1599 1175 Cujus
1639 1105 1738 1157 alia
1777 1112 1855 1157 est
1893 1123 2046 1157 causa
2082 1117 2276 1160 merces
2313 1107 2543 1180 profecto

137 1193 322 1247 misera
377 1192 760 1265 capellanorum
817 1202 867 1245 et
924 1200 1002 1246 tot
1051 1192 1417 1265 parochorum,
1474 1192 1622 1246 labor
1660 1210 1783 1246 vero
1820 1191 2004 1263 ingens
2060 1193 2204 1246 nullo
2241 1194 2392 1248 modo
2431 1214 2549 1248 con-

137 1299 329 1353 gruens
368 1265 535 1352 neque
574 1279 759 1333 salario
798 1299 965 1350 neque
1004 1280 1286 1341 conditioni
1327 1288 1586 1335 externae.

285 1372 330 1421 5.
388 1367 604 1422 Fructus
641 1367 869 1420 omnium
909 1367 1263 1439 beneficiorum
1291 1368 1682 1439 parochialium
1719 1367 2065 1433 intercalare-3,
2120 1367 2350 1421 deductis
2389 1369 2547 1422 admi-

140 1455 456 1509 nistrationis
511 1464 562 1510 et
613 1457 674 1508 iis
726 1454 982 1526 expensiS,
1036 1474 1167 1526 quae
1204 1456 1270 1508 ad
1321 1456 1471 1509 aedes
1509 1454 1812 1509 reficiendas
1862 1454 2026 1508 aliave
2064 1455 2250 1508 similia
2286 1456 2551 1512 faciendae

139 1552 257 1597 sunt
310 1562 479 1615 neque
532 1544 595 1595 ab
645 1542 917 1596 heredibus
973 1544 1208 1597 civilibus
1246 1543 1495 1617 praestari
1537 1543 1740 1610 debent,
1791 1542 1845 1594 in
1897 1543 2116 1596 fundum
2154 1543 2302 1615 relig.
2344 1563 2552 1599 conver-

138 1638 330 1684 tuntur.
407 1630 628 1684 Fructus
667 1630 999 1684 intercalares
1038 1631 1446 1703 praebendarum
1480 1630 1854 1704 capitularium,
1896 1649 2027 1702 quae
2052 1650 2080 1685 e
2102 1650 2269 1684 massa
2295 1632 2551 1686 communi

138 1718 509 1790 percipiuntur,
564 1718 883 1789 reliquorum
934 1735 962 1770 e
999 1737 1168 1771 massa
1215 1718 1633 1791 participantium
1672 1717 1989 1790 praebendas
2029 1727 2249 1790 augent3
2289 1719 2366 1772 sin
2403 1739 2549 1793 prae-

140 1805 341 1858 bendae
381 1825 408 1859 e
446 1825 611 1858 massa
648 1813 886 1879 separata
925 1805 1110 1860 dentur
1149 1814 1234 1859 aut
1272 1825 1300 1859 e
1337 1805 1505 1860 fundo
1534 1806 1818 1878 religioniS,
1868 1805 1988 1859 huic
2026 1806 2188 1860 fundo
2228 1806 2548 1863 addicuntur.

1266 1970 1309 2033 ἓ.
1384 1968 1430 2018 6.

1115 2090 1208 2144 De
1262 2088 1574 2160 Episcopi&

285 2243 330 2294 1.
370 2242 613 2314 Episcopi
654 2242 941 2296 dioecesani
980 2242 1045 2295 ab
1084 2242 1404 2314 Imperatore
1442 2241 1551 2314 (qui
1590 2261 1652 2296 ex
1686 2250 1779 2295 art.
1806 2242 1960 2296 XIX.
2001 2242 2256 2298 Concord.
2297 2245 2552 2311 „Antisti-

138 2336 247 2380 tum
285 2328 534 2400 imprimis
574 2330 1080 2401 comprovincialium
1121 2330 1325 2383 consilio
1364 2330 1594 2400 utetur“)
1633 2323 1989 2393 nominantar.
2022 2331 2249 2403 exceptis
2276 2358 2279 2360 ·
2304 2332 2358 2404 1)
2397 2332 2549 2404 episc.

140 2415 435 2481 Secoviensi,
476 2417 532 2486 2)
571 2417 881 2482 Lavantino,
923 2435 1048 2488 quos
1086 2416 1334 2489 Archiep.
1374 2416 1785 2488 salisburgensis
1821 2417 2064 2484 nominat,
2106 2418 2391 2486 confirmat,
2430 2439 2550 2473 con·

141 2511 323 2570 secrat,
383 2504 435 2574 3)
494 2504 759 2569 Gurcensi,
821 2522 972 2575 quern
1034 2505 1230 2556 duobus
1286 2504 1480 2557 vicibus
1535 2503 1828 2576 Imperator
1882 2505 2106 2578 archiep.
2164 2504 2548 2577 Salisburgensi

138 2598 449 2663 praesentat,
491 2591 637 2644 tertia
674 2592 785 2645 vice
825 2592 1050 2663 archiep.
1091 2590 1277 2645 Salisb.
1317 2592 1566 2659 nominat,
1604 2592 1659 2661 4)
1685 2591 1908 2663 archiep.
1936 2592 2207 2648 Salisb..et
2245 2593 2301 2665 5)
2327 2593 2547 2666 archiep.

142 2676 494 2745 Olomucensi,
535 2698 685 2750 quem
724 2688 999 2751 utrumque
1037 2678 1278 2750 Capitula
1318 2679 1558 2732 canonice
1598 2679 1813 2751 eligunt.

286 2767 333 2818 2.
391 2764 574 2820 Mensa
631 2768 932 2840 episcopalis
987 2766 1331 2820 diversissima
1387 2775 1477 2820 est.
1581 2766 1823 2839 Conyrua
1877 2765 2254 2838 Episcoporum
2310 2784 2374 2819 ex
2430 2765 2547 2838 lege

140 2851 276 2904 civili
333 2861 570 2906 censetur
629 2854 858 2907 12.600
916 2855 966 2906 fl.
1023 2873 1090 2906 m.
1149 2872 1192 2906 a.
1248 2853 1755 2926 archiepiscoporum
1817 2853 2080 2907 18.9000
2129 2852 2179 2904 fl.
2272 2851 2378 2917 Qui
2428 2852 2546 2925 plus
2630 2858 2633 2860 ’

138 2939 346 3006 habent,
398 2940 502 3012 772
551 2948 782 3012 procent.
833 2940 1107 3008 redituum,
1166 2959 1294 3012 quos
1347 2940 1565 2994 confessi
1603 2948 1738 3007 sunt,
1797 2939 1862 2991 ad
1899 2939 2119 2991 fundum
2158 2938 2307 3010 relig.
2345 2938 2547 2993 solvere

138 3034 396 3080 tenentur.

283 3114 332 3168 3.
393 3113 546 3167 Tama
583 3133 816 3167 camerae
853 3121 938 3166 aut
974 3113 1078 3166 fixa
1117 3120 1193 3166 est
1233 3121 1319 3166 aut
1370 3113 1550 3184 quovis
1590 3131 1710 3166 casu
1748 3112 2003 3180 definitur,
2062 3113 2243 3183 quodsi
2283 3105 2545 3186 compares

138 3199 394 3254 dioeceses
433 3199 746 3255 Germaniae
783 3200 1025 3271 reliquaS,
1063 3200 1231 3253 minor
1271 3219 1381 3254 esse
1416 3200 1618 3253 videtur
1654 3219 1749 3272 pro
1786 3199 2066 3254 austriacis,

284 3290 333 3341 4.
372 3287 619 3361 Episcopi
657 3288 892 3360 singulae
930 3296 1096 3341 terrae
1137 3287 1502 3353 hereditariae,
1552 3287 1641 3340 ubi
1691 3287 1940 3341 dioecesis
1978 3287 2076 3341 sita
2115 3295 2213 3354 est,
2257 3287 2307 3340 vi
2358 3285 2542 3340 consti-

139 3374 347 3428 tutionis
387 3387 612 3429 statuum
648 3375 877 3430 membra
917 3383 1038 3427 sunt
1073 3395 1187 3428 eum
1225 3386 1332 3428 voto
1370 3375 1527 3427 virili.
1601 3373 1858 3447 Exceptio
1896 3374 1949 3426 in
1989 3382 2190 3428 tantum
2213 3374 2370 3440 adest,
2404 3372 2542 3444 quod

140 3462 359 3534 archiep.
418 3462 777 3517 Olomucensis
833 3469 1031 3515 tantum
1084 3461 1142 3513 in
1199 3461 1368 3514 diaeta
1418 3460 1695 3527 Moraviae,
1752 3479 1857 3514 non
1906 3461 2138 3529 silesiae,
2189 3461 2278 3531 jus
2327 3459 2540 3512 sedendi

138 3547 308 3615 habet,
368 3549 488 3602 dum
540 3550 767 3622 archiep.
821 3548 1231 3620 Salisburgensis
1282 3556 1384 3600 tam
1441 3547 1498 3600 in
1535 3546 1720 3603 salisb.
1777 3567 1930 3619 quam
1975 3549 2030 3601 in
2067 3546 2343 3619 Tyrolensi
2379 3545 2538 3599 sedet.

142 3633 245 3698 Qui
267 3636 509 3710 Episcopi
530 3637 791 3709 Principis
828 3637 976 3691 titulo
1015 3635 1244 3709 gaudent
1281 3634 1763 3705 (Wratislaviensi3,
1801 3634 2031 3700 Briaein„
2078 3633 2316 3699 Trident„
2354 3631 2539 3698 Secov„

141 3721 376 3787 Lavant„
420 3723 592 3790 Gara,
630 3724 938 3796 Labacens.)
976 3731 1027 3777 et
1063 3740 1240 3776 omnes
1278 3721 1676 3794 Archiepiscopi
1726 3739 1791 3774 ex
1829 3721 1961 3794 legis
2010 3719 2402 3773 fundamentalis
2439 3718 2538 3772 litt.

137 3815 330 3880 patent.
350 3812 435 3863 26.
455 3810 609 3865 Febr.
634 3813 764 3865 1861
796 3811 1080 3883 publicatae
1106 3813 1151 3878 ξ.
1178 3811 1227 3863 4.
1253 3809 1308 3861 in'
1336 3809 1538 3875 „Domo
1559 3807 1937 3862 Dominorum“
1964 3806 2366 3880 (Herrenhaus),
2395 3803 2536 3877 quod
