2670 4126
2478 85 2528 125 71

119 227 323 273 turnum
375 215 628 286 magister
679 215 963 269 catholicus
1022 219 1073 267 et
1125 212 1458 284 evangelicus
1498 213 1785 280 ordinatur,
1837 213 2119 266 secundum
2162 214 2534 277 ordinationem

32 305 315 398 ffliam
373 303 421 356 d.
477 305 528 356 4.
586 302 796 356 Octobr.
855 303 989 356 1821
1051 300 1250 354 institui
1308 319 1414 352 non
1471 300 1689 366 debent,
1749 300 1848 352 nisi
1911 309 2096 372 urgeat
2151 302 2425 354 necessitas
2484 311 2534 354 et

39 383 336 477 2¹1¹.‡J3{‡utraque
389 391 724 443 communitas
763 388 1008 461 religiosa
1046 406 1163 439 cum
1213 386 1428 458 parochi
1463 387 1744 459 respectivi
1784 388 1998 441 consilio
2036 397 2087 442 et
2125 389 2532 461 approbantibus

0 450 465 551 *Q-superioribus
525 476 880 530 ecclesiasticis
938 483 990 528 et
1047 474 1279 527 civilibus
1334 474 1389 526 id
1448 482 1656 527 statuat.
1761 474 2077 547 Hujusmodi
2139 476 2351 528 scholae
2408 497 2533 548 pau—

64 550 347 619 {T'cissimae
402 573 522 618 sunt
580 572 632 618 et
687 564 740 615 in
798 563 905 616 dies
961 562 1130 633 magis
1187 561 1450 614 tolluntur.
1564 561 1763 616 Contra
1817 581 2067 636 persaepe
2123 563 2206 630 fit,
2271 572 2329 616 ut
2385 564 2534 635 pueri

0 644 4 690 Ᾰ
112 653 382 725 puellaeve
420 650 658 705 catholici
695 650 921 702 scholam
961 649 1299 719 acatholicam
1351 649 1683 720 frequentent
1734 657 1785 701 et
1834 650 1946 702 vice
2008 669 2173 717 versa,
2230 651 2534 723 praesertim

22 739 24 742 ’
116 738 166 792 in
215 739 533 811 regionibUS,
592 737 678 790 ubi
730 737 964 790 catholici
1018 745 1070 790 et
1120 735 1407 807 evangelici
1457 736 1759 808 permixtim
1810 737 2008 805 vivunt,
2070 746 2127 790 ut
2166 739 2218 791 in
2260 739 2449 793 Silesia
2487 748 2536 791 et

115 826 356 880 Borussia
393 825 713 879 occidentali.

256 940 305 990 2.
345 935 636 1008 Superioris
676 933 1007 1009 ecclesiastici
1036 941 1128 1001 est,
1167 934 1533 986 institutionem
1570 933 1867 1004 reliqiosam
1907 934 2150 1005 dirigere,
2191 935 2535 988 catechismos

113 1023 442 1096 reliquosque
480 1022 638 1075 libros
677 1021 962 1093 religiOSOS,
1019 1021 1228 1074 modum
1289 1019 1506 1072 docendi
1563 1020 1873 1091 religionem
1932 1021 2239 1092 designare,
2287 1023 2399 1076 ,hoc
2451 1024 2536 1093 jus

112 1119 315 1165 exercet
352 1119 439 1163 aut
478 1118 645 1163 certus
685 1108 1063 1163 commissarius
1102 1116 1190 1161 aut
1226 1107 1487 1178 inspector
1528 1108 1706 1160 circuli
1751 1108 2125 1161 ecclesiasticus
2165 1119 2252 1161 aut
2279 1110 2539 1182 inspector

111 1198 209 1252 loci
247 1198 277 1251 i.
321 1216 360 1252 e.
400 1198 669 1271 parochus,
757 1197 1064 1252 Methodum
1115 1194 1424 1269 inspiciendi
1481 1196 1742 1266 gubernio
1795 1197 1871 1249 fas
1925 1206 2018 1263 est,
2081 1197 2344 1250 materiam
2384 1199 2537 1268 hujus

109 1286 459 1340 instructionis
495 1285 751 1357 respicere
788 1304 893 1338 non
929 1292 1019 1338 est.

255 1395 302 1448 3.
351 1394 483 1450 Jura
534 1394 893 1466 episcoporum
946 1392 1295 1446 diversissima
1346 1399 1480 1445 sunt.
1555 1390 1622 1444 In
1661 1392 1884 1445 dioecesi
1946 1392 2220 1446 Vratislav.
2261 1392 2535 1465 episcopus

107 1481 384 1553 magistri3‚
436 1481 664 1553 quisquis
717 1500 805 1535 eos
855 1480 1274 1553 praesentaverit,
1324 1479 1557 1551 elegerit,
1610 1479 1968 1545 nominaverit,
2026 1488 2302 1553 postquam
2341 1483 2532 1551 guber-

106 1570 248 1624 nium
285 1588 372 1623 eos
409 1568 732 1641 approbavit,
772 1568 1024 1621 decretum
1064 1568 1289 1636 confert3
1327 1568 1467 1621 idem
1498 1568 1619 1638 jure
1657 1568 1870 1639 proprio
1898 1568 2100 1620 scholas
2130 1587 2244 1620 cum
2273 1569 2529 1639 gubernio

105 1656 409 1730 inspiciendi
469 1656 674 1728 gaudet.
773 1654 839 1708 In
897 1655 1215 1709 dioecesibus
1272 1655 1455 1710 Colon.
1513 1663 1565 1709 et
1617 1655 1820 1709 Trevir.
1879 1654 2187 1709 Ordinarius
2246 1676 2415 1727 neque
2478 1657 2530 1708 in

105 1744 347 1799 vocandis
386 1763 552 1816 neque
601 1743 930 1797 instituendis
979 1744 1241 1815 magistris
1279 1751 1453 1815 partes
1491 1743 1630 1814 agit3
1683 1751 1938 1797 vocantur
1988 1744 2225 1814 magistri
2267 1764 2296 1796 a
2336 1745 2536 1815 gremio

107 1831 330 1904 quodam
370 1831 697 1899 communali,
756 1831 839 1884 cui
877 1831 1092 1884 interest
1141 1831 1415 1903 parochus.
1507 1830 1571 1883 In
1630 1830 1945 1884 dioecesibus
1987 1830 2272 1884 Monaster.
2333 1840 2385 1885 et
2441 1832 2537 1884 Pa-

107 1920 343 1974 derborn.
395 1919 737 1991 gubernium,
799 1918 1099 1991 priusquam
1148 1919 1455 1992 magistrum
1512 1918 1774 1985 instituat,
1840 1918 2181 1972 Ordinarium
2240 1919 2535 1989 interroget

105 2015 322 2080 oportet,
378 2027 504 2062 num
556 2007 679 2079 quid
733 2015 910 2059 contra
958 2007 1330 2060 instituendum
1380 2025 1446 2060 ex
1497 2007 1697 2059 rationc
1752 2006 2096 2060 ecclesiastica
2137 2006 2410 2059 dicendum
2453 2007 2533 2059 sit.

105 2093 164 2150 Si
205 2093 516 2149 Ordinarius
555 2113 662 2148 non
703 2094 940 2166 excipiat,
981 2096 1293 2166 gubernium
1334 2095 1602 2149 decretum
1654 2095 1868 2161 confert,
1924 2094 2197 2167 episcopus
2237 2095 2535 2148 missionem

106 2182 195 2235 dat
233 2183 531 2236 canonicam
581 2182 645 2234 ad
683 2182 1074 2235 instructionem
1126 2182 1441 2253 religiosam,
1496 2201 1632 2252 quae
1672 2181 1818 2234 omni
1870 2193 2134 2235 momento
2175 2190 2349 2254 potest
2386 2202 2537 2236 revo—

106 2270 226 2323 cari.
302 2270 443 2323 Num
481 2269 744 2341 magister,
784 2271 930 2341 cujus
970 2269 1144 2323 missio
1184 2270 1429 2322 canonica
1479 2278 1718 2323 revocata
1758 2277 1852 2336 est,
1905 2269 1959 2321 in
2011 2269 2180 2322 officio
2234 2288 2539 2340 permanere

105 2357 280 2429 possit,
320 2356 489 2410 adhuc
526 2356 823 2428 ambigitur.
898 2357 1046 2410 Haec
1095 2376 1177 2411 res
1216 2357 1391 2412 litibus
1445 2377 1621 2409 ansam
1674 2357 1902 2430 praebet.
1978 2357 2120 2410 Nam
2159 2365 2247 2409 aut
2284 2357 2538 2427 magister

106 2444 282 2498 statim
341 2444 677 2503 dimittendus
734 2453 824 2498 est.
888 2465 954 2499 ne
1010 2445 1190 2498 schola
1240 2445 1579 2498 instructione
1630 2444 1878 2516 religiosa
1935 2453 2123 2511 careat,
2182 2453 2272 2496 aut
2333 2445 2539 2497 scholae

105 2532 309 2599 adsunt,
363 2532 418 2585 in
474 2532 660 2604 quibus
718 2533 904 2604 religio
961 2552 1066 2586 non
1124 2532 1353 2585 docetur.
1447 2532 1714 2603 Magistris
1767 2531 2083 2604 deponendis
2123 2531 2393 2586 Ordinarii
2430 2551 2536 2584 non

105 2619 379 2687 intersunt,
419 2619 483 2672 de
521 2620 619 2672 hac
655 2638 712 2673 re
749 2620 888 2673 valet
941 2620 1061 2687 „lex
1100 2620 1481 2692 disciplinaris“
1537 2618 1586 2672 dss
1627 2621 1713 2674 21.
1751 2618 1859 2674 Jul.
1903 2621 2060 2672 1852.
2139 2619 2245 2674 Ubi
2283 2619 2533 2690 magister

104 2705 257 2760 simul
315 2706 486 2760 officio
527 2707 750 2778 quodam
803 2707 1148 2762 ecclesiastico
1199 2708 1450 2778 fungitur,
1513 2715 1689 2778 utpote
1745 2706 2006 2773 sacristae,
2064 2706 2359 2777 organistae
2415 2715 2527 2773 cet.,

103 2801 322 2866 utraque
361 2802 612 2866 postestas
662 2795 717 2847 in
757 2797 937 2849 eadem
975 2813 1199 2868 persona
1249 2795 1578 2848 consentiant
1618 2803 1833 2866 oportet.
1933 2793 2133 2859 Quodsi
2182 2795 2431 2872 magister
2470 2796 2534 2848 ab

105 2880 270 2934 officio
308 2882 398 2934 tali
435 2902 532 2954 per
559 2881 898 2936 Ordinarium
937 2883 1239 2956 deponatur,
1278 2882 1537 2954 gubernii,
1577 2883 1658 2935 cui
1696 2882 1954 2936 sententia
1987 2882 2412 2949 communicatur,
2455 2889 2532 2935 est

104 2966 294 3035 videre,
333 2988 458 3022 num
498 2989 707 3042 quoque
744 2990 774 3023 a
810 2971 1112 3042 magisterio
1152 2971 1343 3044 deponi
1381 2970 1545 3042 possit
1583 2970 1667 3023 vel
1705 2969 1905 3023 debeat.

248 3077 299 3129 4.
339 3076 638 3132 Seminaria
689 3081 1058 3152 ‘mayistrorwm
1106 3081 1202 3134 sub
1253 3080 1573 3152 inspectione
1623 3087 1673 3133 et
1730 3079 2054 3133 ordinatione
2103 3079 2346 3149 gubernii
2399 3086 2534 3145 sunt,

103 3170 312 3236 praeter
359 3164 625 3235 religionis
677 3166 998 3235 doctionern,
1054 3187 1208 3240 quam
1263 3167 1576 3222 Ordinarius
1620 3186 1713 3239 per
1765 3167 2177 3221 commissarium
2228 3166 2381 3236 regit.
2459 3165 2536 3220 Ut

105 3251 382 3305 directores
424 3251 764 3306 instituuntur
816 3255 1105 3308 sacerdotes
1161 3256 1510 3309 consentiente
1549 3255 1846 3309 Ordinario.
1936 3253 1996 3309 Si
2046 3253 2152 3305 tale
2202 3253 2534 3306 seminarium

103 3339 266 3409 majus
318 3346 422 3406 est,
477 3339 611 3391 >alter
662 3342 899 3395 sacerdos
950 3361 1045 3415 pro
1103 3342 1358 3396 catechesi
1414 3343 1597 3395 aliisve
1654 3342 1937 3414 disciplinis
1995 3340 2289 3407 ordinatur,
2346 3340 2534 3411 reliqui

104 3426 339 3496 magistri
397 3435 517 3479 sunt
571 3427 694 3480 laici
748 3437 799 3482 et
844 3449 874 3481 a
923 3431 1183 3501 gubernio
1234 3438 1434 3484 tantum
1486 3440 1751 3484 vocantur.
1840 3428 2209 3494 ExaminibuS,
2267 3447 2296 3479 a
2347 3428 2532 3498 quibus

103 3515 299 3587 pendet
339 3515 558 3569 docendi
608 3516 852 3584 facultas,
911 3518 1293 3572 commissarius
1345 3519 1649 3592 episcopalis
1704 3517 1875 3590 quoad
1927 3535 2145 3570 examen
2197 3534 2224 3568 e
2276 3515 2532 3585 religione

106 3619 220 3654 cum
271 3610 388 3654 voto
440 3602 663 3656 decisivo
715 3603 954 3673 interest,
1014 3606 1186 3678 quoad
1239 3606 1467 3679 reliquas
1518 3606 1814 3678 disciplinas
1870 3612 1991 3658 voto
2050 3611 2203 3656 caret.
2280 3602 2383 3666 Qui
2437 3621 2533 3675 pro

105 3687 358 3758 religione
397 3688 627 3742 docenda
665 3710 768 3743 non
808 3694 1124 3765 approbatur
1162 3693 1379 3747 docendi
1419 3694 1666 3747 facultate
1704 3700 1862 3746 caret.
2383 3701 2389 3705 '

252 3797 300 3850 5.
343 3796 633 3870 Gymnasia
670 3818 876 3872 quoque
912 3802 1196 3856 secundum
1236 3803 1584 3858 confessiones
1626 3803 1988 3855 discernuntur
2031 3801 2085 3853 in
2139 3798 2393 3854 catholica
2442 3806 2532 3851 aut
