2670 4126
2410 150 2492 193 105

90 286 383 358 obligantur
418 284 483 338 ad
522 303 714 352 curam,
764 284 961 355 reliqua
998 282 1192 335 habent
1241 290 1435 335 certa-m
1473 283 1525 335 in
1577 302 1699 336 cura
1735 280 2031 336 sustinenda
2082 279 2492 354 obligationem),

59 381 348 455 cooperat.
389 373 472 426 67.
547 372 764 428 Summa
819 372 942 425 263.
1027 369 1286 423 Institutio
1340 368 1708 423 beneficiorum
1764 371 1824 423 fit
1879 389 1972 442 per
2024 368 2140 421 Vic.
2199 367 2332 423 Gen.
2389 377 2493 436 aut,

23 455 298 545 fflpatente
356 459 656 528 candidato,
713 477 808 531 per
861 458 1136 512 Decanum
1192 476 1230 511 5.
1288 453 1645 510 Camerarium
1702 457 1767 509 ad
1823 458 1924 511 hoc
1981 456 2290 528 delegatum.
2388 455 2494 509 Pro

32 546 313 615 decanis
354 567 600 601 camerar.
639 555 690 600 et
726 548 762 599 4
797 544 1035 619 parochis
1062 551 1274 597 vocatur
1314 545 1680 612 „investitura“
1679 584 1698 610 ,
1736 563 1832 616 pro
1859 543 2139 616 reliquiS„
2147 542 2495 597 commendff.

18 607 241 708 {iinguae
277 636 332 689 in
371 634 780 700 hocxdifferunt,
834 632 971 705 quod
1013 630 1418 699 „commendati“
1467 631 1806 701 jurejurando
1844 631 2150 703 profitentur
2189 631 2302 700 „jus
2343 629 2497 686 Ordi-

7 732 20 747 ”
45 722 218 776 ‘narii
255 721 597 795 permutandi,
638 720 844 793 quando
882 719 1073 773 utilitas
1113 718 1198 772 vel
1234 718 1509 772 necessitas
1548 718 1759 789 urgebit
1787 721 1937 790 juxta
1975 718 2287 771 laudabilem
2321 716 2497 770 Eccle-

87 809 192 863 siae
230 808 622 864 Eichstettensis
662 806 1133 874 consuetudinem“,
1191 806 1254 860 de
1293 815 1495 859 caetero
1553 824 1654 858 non
1706 806 1967 860 differunt.
2054 806 2349 859 Installatio
2400 823 2498 875 per

86 897 353 951 Decanum
390 905 440 950 et
481 895 718 967 „regium
757 895 1016 948 districtus
1067 893 1326 972 0160101114(
1369 893 1683 964 conjunctim
1722 893 1795 946 fit.

229 985 282 1038 A
338 982 604 1056 republica
642 1002 707 1036 ex
744 983 824 1036 his
862 983 968 1036 263
1023 981 1194 1036 benef.
1247 981 1425 1034 dotata
1479 990 1599 1034 sunt
1637 981 1669 1034 3
1722 980 1908 1053 (curati
1946 981 2140 1052 regior.
2191 980 2498 1050 carcerum),

92 1072 156 1126 17
195 1091 303 1146 par.
343 1090 408 1124 ex
446 1071 642 1124 aerario
701 1070 968 1124 annuatim
1006 1071 1111 1123 566
1148 1069 1212 1122 ad
1254 1070 1394 1123 1000
1429 1069 1480 1122 fl.
1537 1077 1587 1123 et
1642 1088 1799 1142 supra
1850 1069 2060 1136 habent,
2118 1067 2311 1141 quippe
2368 1085 2500 1139 quae

87 1167 208 1212 ante
246 1157 752 1213 saecularisationem
789 1157 1114 1212 monasteriis
1153 1157 1485 1230 incorporata
1522 1164 1706 1224 essent,
1766 1175 1982 1229 quorum
2034 1156 2174 1210 bona
2210 1154 2500 1228 respublica

86 1245 397 1301 confiscavit.
471 1244 554 1298 Ex
595 1245 780 1300 eodem
816 1245 966 1299 titulo
1007 1248 1038 1298 5
1076 1245 1192 1299 ben.
1231 1244 1453 1299 reditum
1493 1246 1599 1298 300
1636 1244 1701 1297 ad
1741 1246 1846 1298 500
1864 1245 1915 1299 fl.
1942 1243 2147 1298 habent.
2220 1242 2501 1297 Praeterea

86 1336 215 1388 haec
250 1333 500 1388 beneficia
536 1333 662 1386 alios
701 1333 894 1386 habent
929 1332 1138 1402 reditus,
1173 1334 1293 1404 jura
1343 1333 1506 1386 stolae
1545 1340 1636 1386 cet.
1724 1331 1993 1385 Permulta
2043 1330 2144 1384 alia
2194 1349 2261 1384 ex
2298 1330 2499 1384 aerario

86 1422 276 1476 habent
314 1421 536 1493 aliquem
575 1420 801 1474 reditum
840 1421 927 1493 (ex
964 1420 1129 1474 titulis
1168 1420 1382 1473 diversis
1421 1420 1705 1474 maximum
1735 1418 2015 1474 Ordinatui
2038 1405 2271 1492 ignotis)
2309 1418 2499 1490 partim

32 1502 35 1505 ’
84 1509 348 1583 pecuniae,
407 1508 595 1581 partim
647 1508 962 1562 naturalium
1015 1509 1275 1580 (granum,
1332 1507 1539 1579 lignum
1590 1508 1710 1580 001)
1761 1507 1827 1560 3(1
1880 1509 1948 1561 50
1984 1507 2066 1574 fl.‚
2125 1508 2187 1560 31
2227 1526 2336 1579 par.
2376 1514 2427 1559 et
2465 1508 2497 1560 3

2 1611 3 1615 ’
86 1598 252 1653 benef.
290 1601 324 1653 2
364 1615 509 1670 coop.
547 1618 578 1650 a
618 1598 867 1650 50-100
903 1596 984 1664 6.,
1028 1597 1093 1649 13
1133 1615 1242 1668 par.
1282 1604 1335 1650 et
1371 1599 1404 1650 2
1444 1597 1562 1650 ben.
1603 1618 1634 1650 a
1675 1597 1961 1650 100-200
1997 1595 2076 1663 6.
2118 1596 2185 1648 13
2224 1612 2332 1666 par.
2373 1602 2424 1647 et
2468 1595 2490 1646 1

85 1687 200 1740 ben.
240 1707 271 1740 a
305 1685 594 1740 200—-300
629 1683 708 1751 6.,
778 1686 836 1737 11
880 1703 987 1757 par.
1026 1692 1076 1739 et
1118 1686 1143 1737 1
1186 1684 1355 1738 benef.
1409 1690 1439 1738 a
1477 1685 1766 1738 300—400
1802 1684 1882 1753 fl.,
1940 1686 1973 1737 6
2007 1702 2116 1755 par.
2169 1691 2221 1736 et
2258 1685 2290 1737 2
2329 1681 2498 1736 benef.

87 1778 118 1828 a
154 1774 442 1827 400-500
477 1772 527 1825 6.
1379 1807 1391 1813 ,

229 1881 391 1935 VIII.
447 1880 672 1936 Scholae.
751 1881 803 1952 1)
861 1881 1152 1953 Gymnasia
1211 1889 1263 1935 et
1320 1881 1531 1935 scholae
1586 1881 1776 1935 latinae
1837 1880 1970 1934 cath.
2031 1881 2054 1933 1
2118 1898 2234 1933 cum
2291 1881 2324 1933 9
2365 1897 2499 1950 mag.

88 1970 144 2042 2)
183 1968 357 2024 Schol.
394 1968 482 2022 lat.
522 1969 570 2022 3.
665 1968 722 2041 3)
763 1968 938 2024 801101.
993 1969 1121 2024 real.
1163 1978 1217 2023 et
1272 1969 1488 2024 industr.
1546 1971 1589 2022 1.
1684 1971 1742 2041 4)
1801 1968 1977 2025 Schol.
2030 1967 2177 2022 elem.
2272 1965 2501 2032 Quaevis

88 2057 331 2130 parochia
368 2057 525 2111 habet
561 2075 717 2109 unam
755 2057 1013 2128 pluresve.
1090 2059 1144 2127 5)
1185 2055 1442 2111 Seminar.
1482 2056 1720 2129 Magistr.
1780 2057 1942 2124 elem.‚
2000 2074 2181 2127 gymn.
2234 2063 2286 2109 et
2336 2054 2500 2108 schol.

87 2143 174 2198 lat.
213 2144 376 2197 acath.
414 2163 522 2198 non
559 2143 802 2199 existunt.

228 2252 327 2307 IX.
366 2253 780 2307 Administratio.
858 2254 905 2306 1.
951 2251 1135 2306 Consil.
1175 2254 1339 2306 eccles,
1381 2253 1789 2325 (Ordinariatus)
1832 2272 1946 2306 011111
1968 2253 2106 2320 Dion,
2146 2252 2337 2308 Consil.
2377 2252 2499 2305 eccl.

88 2340 406 2413 (canonicis),
466 2342 489 2393 1
553 2348 732 2393 secret.
789 2341 813 2393 1
874 2339 1067 2392 archiV.
1168 2343 1217 2395 2.
1258 2341 1578 2395 'Vieariatus
1635 2342 1906 2396 Generalis
1957 2360 2072 2394 cum
2133 2340 2241 2394 Via.
2285 2340 2427 2407 Gen„
2470 2343 2500 2392 5

89 2427 288 2482 Consil.
329 2428 485 2500 (can.)
528 2428 554 2480 1
595 2435 775 2481 secret.
849 2426 965 2481 Hoc
1003 2426 1227 2481 officium
1251 2429 1502 2501 fungitur
1540 2450 1641 2502 qua
1679 2430 1907 2484 tribunal
1943 2449 2039 2503 pro
2078 2428 2243 2482 causis
2276 2427 2502 2501 discipli-

88 2534 196 2568 nar.
272 2515 328 2588 3)
387 2514 749 2570 Con-§istoriam
798 2514 965 2586 (Trib.
1015 2515 1260 2588 matrim.)
1314 2535 1428 2570 cum
1474 2517 1640 2590 Offie‚
1694 2520 1724 2571 5
1766 2517 1924 2573 (30115.
1975 2517 2135 2590 (0311.)
2179 2518 2201 2569 1
2248 2523 2429 2569 secret.
2471 2517 2494 2568 1

90 2602 279 2666 defensa
329 2590 478 2655 matr.
565 2602 722 2656 Anno
776 2604 915 2657 1862
953 2611 1205 2657 tractatae
1256 2612 1376 2657 sunt
1414 2623 1637 2661 causae:
1696 2604 1837 2658 crim.
1876 2605 2049 2673 nulla,
2107 2603 2304 2658 annull.
2356 2610 2502 2656 matr.

87 2689 245 2757 nulla,
284 2708 449 2763 separ.
490 2710 519 2743 a
555 2690 710 2744 thoro
752 2697 802 2744 et
837 2709 1015 2744 mensa
1051 2692 1101 2744 4.

233 2788 301 2852 X.
359 2788 707 2874 Fundationes
745 2811 792 2854 et
826 2799 1083 2871 stipendia
1121 2820 1164 2852 a.
1205 2801 1345 2855 1862
1384 2801 1519 2854 facta
1556 2810 1677 2855 sunt
1714 2802 1780 2855 ad
1817 2802 1956 2875 piam
1995 2821 2196 2856 causam
2234 2820 2398 2874 usque
2437 2800 2502 2854 ad

89 2906 341 2940 summam
392 2871 477 2941 22.
480 2888 589 2941 234
624 2887 705 2954 6.,
744 2886 810 2939 ad
849 2906 974 2959 quas
1013 2887 1266 2940 accedunt
1299 2887 1492 2942 multae
1530 2889 1662 2943 aliae
1700 2890 2000 2944 donationes
2040 2889 2104 2943 ad
2142 2887 2502 2944 restaurandas

91 2979 142 3025 01
179 2974 516 3045 acquirendas
554 2993 635 3028 res
674 2974 1239 3042 000105.,111011511111111;
1303 2975 1535 3044 calicum,
1574 2985 1988 3049 paramentorum
2029 2986 2121 3031 001.

232 3080 329 3134 ΙΧ.
396 3081 610 3138 Tributa
658 3083 1007 3137 ecclesiastica.
1086 3086 1133 3137 1.
1192 3083 1655 3153 Seminaristicum,
1720 3088 1859 3157 quod
1911 3105 1941 3138 a
1990 3085 2212 3158 singulis
2262 3084 2500 3157 parochis

94 3167 380 3240 quantitate
417 3179 657 3224 consueta
695 3170 912 3224 debetur
949 3179 1001 3224 et
1039 3172 1147 3226 274
1183 3172 1233 3224 6.
1275 3179 1365 3225 051.
1453 3172 1510 3244 2)
1552 3171 1871 3228 Oonsuetum
1912 3193 2157 3240 annuum,
2197 3192 2227 3224 a
2263 3172 2500 3245 parochis

87 3255 407 3323 solvendum,
462 3256 608 3310 initio
655 3257 720 3311 ad
775 3266 999 3312 sumtum
1037 3259 1386 3313 visitationum
1441 3260 1806 3334 episcopalium
1855 3261 2129 3317 ferendum
2169 3259 2498 3327 destinatum,

90 3343 232 3415 quod
270 3343 326 3397 in
364 3344 584 3398 dioecesi
621 3345 770 3400 redit.
811 3348 915 3401 128
952 3347 1003 3399 6.
1044 3349 1111 3400 52
1152 3366 1285 3400 cruc.
1324 3346 1496 3404 habet.

1190 3511 1235 3576 ς.
1312 3507 1395 3560 74.

714 3624 783 3683 D.
831 3626 1121 3685 Dioecesis
1169 3628 1452 3702 Spirensis
1507 3630 1551 3705 ζ
1548 3627 1602 3687 S
1608 3649 1648 3703 p
1665 3647 1778 3700 eye
1790 3631 1871 3701 r).

237 3775 479 3833 Erectam
521 3798 631 3834 0550
668 3779 875 3834 53001110
925 3784 1143 3856 septimo
1182 3785 1277 3837 sub
1315 3784 1622 3856 Dagoberto
1660 3782 1703 3834 I.
1753 3781 2078 3836 Francorum
2115 3800 2242 3853 rege
2280 3781 2387 3836 veri
2424 3791 2501 3837 est

88 3862 425 3919 simillimum.
499 3867 603 3933 Qui
640 3876 1006 3923 enumerantur
1041 3870 1195 3943 primi
1233 3870 1459 3945 episcopi
1495 3871 1706 3926 minime
1743 3869 1870 3924 certi
1907 3877 2042 3922 sunt.
2130 3869 2351 3925 Subdita
2387 3880 2498 3926 erat
