2670 4126
2425 179 2507 222 127

228 334 286 385 2.
341 329 508 382 Alia.-
565 326 837 400 parochiae
891 330 943 376 et
993 319 1216 374 caratiae
1272 319 1330 370 in
1388 310 1526 371 Bad.
1581 317 1678 369 731
1736 318 1793 369 in
1845 313 2052 368 Boruss.
2095 313 2192 377 80,
2252 310 2284 362 i.
2326 333 2364 363 s.
2404 314 2501 366 811

0 423 10 428 “
99 417 406 490 (complures
445 415 719 488 parochiae
759 408 1084 466 excurrendo
1123 407 1188 458 ab
1227 404 1338 456 aliis
1382 404 1617 476 parochis
1657 400 2131 471 administrantur);
2193 401 2510 472 capellaniae

96 514 148 558 et
184 505 284 555 alia
321 503 488 556 benet.
527 506 584 555 in
621 500 759 554 Bad.
802 499 920 563 121,
957 498 1015 549 ‘e'sn
1050 493 1261 547 Boruss.
1305 491 1385 557 12,
1427 492 1456 545 i.
1496 511 1532 545 s,
1563 491 1695 556 1333
1737 483 1954 542 &icariae
1991 487 2234 540 fundatae
2269 490 2324 540 i‘n
2366 487 2505 541 Bad.

29 633 32 636 -
95 595 217 657 225,
255 593 312 643 in
351 590 560 644 Boruss.
602 591 650 655 5,
688 587 719 639 i.
759 606 796 638 s.
837 585 958 637 230.
1035 580 1252 634 Summa
1291 579 1451 650 benef.
1494 578 1627 643 944,
1688 577 1858 630 benef.
1900 584 1949 627 et
1988 575 2120 628 offic.
2164 575 2330 642 1174,
2391 575 2511 634 incl,

94 678 262 731 benef.
303 686 352 731 et
390 678 563 749 praeb.
605 672 867 746 capitular.
910 668 1065 722 1187.
1129 700 1194 707 --
1249 665 1517 730 Beneficia
1568 664 1820 734 simplicia
1870 682 1974 715 non
2033 662 2291 728 existunt,
2328 681 2511 746 'quum

8 822 12 828 ,
94 784 268 818 omnes
308 763 598 817 sacerdotes
637 761 692 813 in
729 759 811 811 his
852 756 1030 811 officiis
1070 754 1223 826 positi
1262 753 1557 823 obligentur
1595 751 1659 802 ad
1699 750 1948 822 parochos
1981 749 2254 819 juvandos.

238 851 336 904 Jus
362 847 675 922 providendi
713 848 853 916 (ante
879 863 924 896 a.
955 843 1088 895 1861
1139 840 1365 912 archiep.
1406 839 1455 890 in
1499 837 1820 910 possessione
1839 836 1972 906 juris
2010 857 2171 888 unum
2212 835 2515 888 heneficium

94 939 256 992 libere
294 934 585 991 conferendi
611 942 721 987 erat
737 934 787 1003 1).
865 931 1082 983 Liberae
1121 927 1290 980 collat.
1331 927 1550 979 subsunt
1593 926 1701 977 240
1741 924 1909 976 benef.
1965 924 2092 994 (163
2133 923 2390 995 quondam
2431 923 2517 975 ba-

97 1026 255 1091 dens,
297 1026 364 1078 15
402 1022 564 1095 princ.
604 1020 990 1088 Fiirstenberg.,
1034 1019 1098 1069 15
1137 1015 1306 1088 princ.
1343 1013 1713 1083 LeiningenS.,
1758 1013 1823 1063 10
1862 1022 2207 1078 neo—erecta,
2249 1012 2316 1063 37
2358 1031 2515 1082 quon-

97 1111 213 1164 dam
251 1109 624 1164 Hohcnzoller.
685 1116 734 1160 et
784 1106 1050 1177 jurispatr.
1098 1101 1337 1176 privati);
1388 1100 1653 1172 jurispatr.
1709 1098 1956 1171 principis
2007 1099 2170 1151 territ.
2223 1099 2357 1164 304,
2415 1099 2518 1170 pri-

94 1206 331 1250 vatorum
386 1196 633 1249 laicorum
686 1197 823 1261 265,
880 1191 1142 1246 universit.
1193 1183 1438 1260 Frib1'1rg.
1495 1188 1555 1252 3,
1614 1188 1873 1258 incorpor.
1927 1187 1958 1238 3
2013 1187 2172 1258 (inter
2223 1186 2390 1238 benef.
2430 1187 2517 1238 lib.

97 1284 216 1340 coll.
256 1284 575 1353 numerata);
635 1282 797 1334 mixta
840 1281 940 1333 132
982 1277 1307 1352 [parochiae,
1367 1293 1498 1347 quae
1537 1282 1789 1327 vocantur
1844 1265 2401 1345 „Tern-Pfarreieffl',
2456 1274 2518 1324 ad

96 1391 221 1444 quas
277 1380 519 1425 vacantes
577 1369 888 1424 Ordinarius
945 1385 1138 1437 magno
1196 1363 1334 1417 Duci
1392 1370 1496 1416 tres
1554 1362 1813 1428 nominat,
1885 1380 1912 1414 e
1972 1361 2159 1432 quibus
2218 1361 2301 1412 hic
2363 1380 2520 1412 unum

93 1463 404 1532 praesentat.
482 1457 628 1510 Idem
669 1455 850 1509 modus
891 1453 1061 1526 quoad
1103 1453 1220 1505 circ.
1261 1453 1332 1504 60
1371 1450 1542 1504 benef.
1577 1450 1850 1522 jurispatr.
1889 1449 2003 1502 laic.
2031 1447 2357 1520 adhibe-turb
2389 1448 2520 1518 juris

94 1554 225 1618 patr.
255 1545 536 1618 personalis
576 1546 698 1610 400,
738 1542 891 1595 realis
919 1543 1040 1596 250.
1083 1574 1149 1580 ——
1191 1540 1276 1592 De
1317 1546 1533 1591 vacante
1571 1537 1738 1590 benef.
1768 1536 1988 1589 decanus
2028 1536 2198 1588 statim
2238 1534 2301 1586 ad
2329 1535 2520 1587 curiam

45 1686 50 1689 .
98 1632 268 1699 refert,
329 1632 618 1703 adjungens
676 1630 775 1683 loci
816 1627 1225 1682 circumstantias
1266 1638 1314 1678 et
1357 1625 1629 1696 qualitates
1669 1643 1698 1676 a
1736 1625 2099 1696 promovendo
2129 1623 2520 1689 desiderandas3

102 1719 267 1773 benef.
305 1738 490 1771 vacans
528 1718 800 1783 indicitur,
851 1723 1043 1768 statuto
1095 1715 1316 1766 termino
1348 1713 1482 1783 juris
1523 1712 1815 1764 communis
1867 1713 1923 1783 (6
1964 1730 2126 1764 menS.
2166 1731 2261 1782 pro
2301 1720 2521 1782 patrono

107 1808 276 1860 cleric.
315 1809 352 1860 4
388 1825 483 1879 pro
521 1806 704 1877 laico).¹
764 1804 912 1857 Intra
951 1805 982 1855 6
1021 1802 1371 1855 hebdomades
1412 1808 1765 1871 competentes
1803 1799 2108 1870 petitionem
2148 1797 2316 1868 lcujus
2350 1808 2524 1871 partes

105 1903 254 1948 sunt:
293 1895 497 1948 litterae
536 1892 791 1966 baptism,
831 1890 1178 1943 testimonium
1221 1889 1286 1942 de
1326 1888 1564 1941 examine
1603 1905 1879 1939 concursus
1918 1887 2156 1958 paroch,
2197 1886 2259 1938 de
2299 1886 2524 1938 moribus

104 1981 218 2054 cet]
260 1982 430 2035 facere
467 1980 670 2034 debent.
747 1979 852 2043 Qui
890 1985 1320 2050 praesentantur,
1378 1976 1512 2028 intra.
1552 1985 1756 2046 tempus
1804 1983 2051 2026 statutum
2101 1974 2525 2046 praesentationis

100 2068 462 2122 documentum
519 2068 584 2119 ad
641 2066 833 2119 curiam
892 2065 1240 2117 transmittere
1297 2063 1502 2117 debent.
1578 2062 1748 2115 Index
1801 2062 2201 2133 competentium
2256 2061 2524 2114 Gubernio

99 2155 342 2223 traditur,
399 2164 456 2208 ut
504 2155 675 2208 deleat
713 2173 844 2224 quos
898 2161 1140 2224 „propter
1192 2170 1368 2204 causas
1420 2151 1595 2204 civiles
1654 2150 1735 2203 vel
1793 2150 2027 2223 politicas
2084 2150 2252 2201 minus
2309 2157 2519 2220 gratos“

99 2242 375 2295 existimat.
451 2241 558 2308 Qui
609 2240 1014 2314 praesentandus
1068 2249 1143 2292 est
1194 2248 1245 2293 et
1296 2239 1374 2291 cui
1427 2239 1587 2291 libere
1640 2237 2006 2290 conferendum
2058 2248 2134 2289 est
2186 2238 2382 2303 benefi,
2441 2237 2524 2289 die

97 2328 288 2382 domin.
327 2328 412 2382 vel
448 2330 564 2382 fest.
604 2329 658 2380 in
697 2327 910 2381 eeclesia
947 2326 1301 2380 communitati
1339 2326 1548 2399 paroch.
1600 2316 1959 2390 denuntiatur,
2026 2327 2058 2376 9
2111 2324 2289 2376 diebus
2337 2324 2523 2396 elapsis

97 2415 446 2470 testimonium
484 2415 784 2486 parochiale
820 2414 973 2484 hujus
1013 2422 1153 2466 actus
1195 2413 1366 2466 curiae
1417 2413 1637 2465 mittitur
1689 2430 1782 2484 per
1833 2412 2114 2477 decanum,
2168 2412 2385 2481 adjectis
2437 2431 2524 2463 ex-

98 2503 417 2576 ceptionibus
456 2503 671 2555 forsitan
709 2502 868 2555 factis.
948 2501 1135 2554 Libera
1174 2501 1383 2555 collatio
1421 2501 1494 2567 fit,
1535 2499 1803 2572 explorato
1837 2499 2247 2552 examinatorum
2287 2499 2520 2570 synodal.

99 2590 202 2660 (vel
235 2590 592 2662 prosynodal.)
618 2599 754 2658 voto,
789 2589 1093 2660 dignissimo
1120 2589 1386 2654 habend03
1426 2587 1764 2660 praesentatis
1790 2586 2127 2640 institutionis
2157 2586 2521 2640 documentum

101 2677 250 2729 datur
293 2677 683 2743 „admissionem
724 2676 788 2728 ad
826 2682 1033 2729 curam“
1077 2676 1360 2729 continens.
1436 2675 1753 2728 Investitura
1791 2676 1843 2726 fit
1880 2694 1977 2746 per
2005 2674 2254 2727 decanum
2283 2675 2524 2728 mandato

100 2763 309 2835 speciali
353 2764 631 2829 munitum,
687 2764 831 2834 cujus
883 2764 1277 2828 documentum,
1338 2783 1366 2813 a
1417 2762 1614 2815 decano
1664 2762 1904 2815 investito
1955 2771 2005 2815 et
2055 2763 2270 2815 testibus
2323 2763 2524 2833 rogatis

101 2850 528 2903 subscribendum
580 2851 635 2902 in
687 2850 916 2904 archivio
969 2850 1178 2923 paroch.
1231 2849 1534 2922 deponitur;
1592 2850 1893 2902 investitura
1943 2850 2055 2921 ipsa
2105 2851 2404 2922 publicatur
2460 2852 2524 2902 ab

103 2936 314 3016 ecclesia
361 2945 412 2990 et
460 2937 744 3008 gubernio,
796 2937 1068 3005 investito,
1127 2937 1213 3008 qui
1257 2937 1364 3008 ipsa
1416 2937 1498 2989 die
1542 2937 1628 3006 jus
1679 2938 1875 2990 fructus
1913 2938 2234 3010 percipiendi
2291 2937 2524 3008 acquirit,

105 3023 451 3076 testimonium
502 3023 668 3077 datur.
759 3023 1018 3094 (Ordinat.
1070 3024 1298 3095 archiep.
1353 3023 1455 3075 diei
1507 3025 1591 3077 30.
1644 3023 1778 3077 Nov.
1834 3026 2013 3097 1861).
2068 3058 2134 3066 -—
2201 3025 2389 3078 Nullus
2438 3044 2524 3096 pa—

106 3109 332 3161 rochiam
372 3110 588 3164 aliamve
627 3112 873 3164 curatiam
911 3112 1141 3183 accipere
1176 3120 1362 3182 potest,
1401 3113 1504 3163 nisi
1543 3112 1866 3182 approbatus
1906 3115 1973 3165 sit
2019 3116 2077 3165 in
2127 3114 2365 3165 examine
2415 3131 2526 3165 con-

106 3216 296 3248 cursus.
390 3195 558 3266 Leges
610 3198 792 3268 (ordin.
847 3198 1073 3270 archiep.
1127 3199 1227 3251 diei
1283 3201 1365 3251 19.
1425 3198 1546 3252 Jan.
1602 3200 1763 3270 1860)
1816 3219 1874 3252 ea
1924 3200 2308 3272 praescribunt,
2361 3200 2525 3270 (quod

108 3292 304 3354 spectat
361 3282 424 3335 ad
483 3283 753 3354 qualitates
811 3286 1298 3348 exanninandorum‚
1350 3293 1580 3357 temPUS,
1645 3287 1779 3339 intra
1842 3288 1979 3358 quod
2037 3306 2254 3339 examen
2312 3287 2527 3340 feliciter

109 3378 376 3440 peractum
418 3370 557 3423 valet
595 3373 714 3442 cet.)
755 3391 884 3444 quae
923 3373 975 3424 in
1014 3374 1230 3426 Austria
1267 3373 1454 3425 valent.

255 3456 317 3508 A.
361 3453 497 3509 1863
549 3458 765 3529 prodiit:
846 3459 1388 3528 „Realsclzematismus
1440 3460 1529 3512 der
1581 3460 1895 3516 Erzdiocese
1947 3460 2222 3530 Freiburg.
2301 3461 2524 3514 Heraus—

111 3544 350 3613 gegeben
387 3562 506 3596 vom
533 3543 869 3598 Erzbischssfl.
897 3547 1241 3600 Ordinariate.
1318 3547 1362 3599 F
1367 3549 1490 3600 reib.
1531 3550 1560 3601 i.
1586 3550 1648 3602 B.
1686 3551 1841 3602 1863.
1916 3548 2122 3619 Verlag
2145 3548 2236 3599 der
2260 3548 2523 3602 Erzbisch.

110 3629 381 3697 Kanzlei“,
434 3650 535 3701 quo
574 3632 759 3684 melior
795 3633 1183 3688 schematismus
1223 3654 1318 3706 pro
1358 3635 1502 3687 nulla
1541 3637 1678 3690 orbis
1731 3636 1864 3688 cath.
1919 3635 2096 3687 existit
2146 3630 2386 3689 dioecesi}
2464 3637 2524 3691 In

112 3734 171 3768 eo
222 3727 591 3771 enumerantur
644 3738 819 3772 omnes
869 3719 1146 3789 ecclesiae,
1205 3722 1480 3789 beneficia,
1537 3723 1759 3776 vicariae
1809 3730 1931 3788 cet.,
1990 3722 2200 3775 notitiae
2250 3719 2525 3778 historicae

113 3803 390 3855 maximam
426 3803 627 3875 partem
666 3805 1078 3861 accuratissimae
1116 3808 1499 3879 adjunguntur,
1551 3810 1748 3862 reditus
1786 3809 2023 3875 benefic,
2075 3809 2213 3860 bona
2249 3809 2525 3864 fundorum

113 3890 277 3942 omnis
315 3892 520 3961 generis
558 3893 821 3965 (fabricae,
859 3893 1083 3963 scholae,
1120 3913 1426 3970 pauperum,
1464 3897 1704 3965 musicae,
1728 3896 2102 3964 *fundationum
2142 3899 2289 3972 cet),
2327 3899 2525 3953 reditus
