2670 4126
2443 179 2497 220 95

32 298 39 326 ³
89 332 406 385 unoquoque
444 312 668 386 capitulo
705 311 864 366 rurali
903 310 1076 365 existit
1118 307 1456 362 Camerarius
1492 318 1544 363 et
1581 310 1778 380 aliquot
1828 319 1965 361 testes
2010 306 2277 380 synodales
2315 308 2498 361 eodem

0 407 32 468 {r
89 400 238 454 modo
276 409 331 453 ut
371 400 549 454 decani
588 399 904 454 nominandi.

4 482 18 563 ᾗ,
231 491 279 542 2.
321 487 605 560 Superiora
643 489 820 561 officia
858 487 995 542 haud
1032 485 1253 538 multum
1291 485 1354 537 ab
1394 484 1611 536 aliarum
1651 485 1967 537 dioecesium
2007 483 2253 535 differunt
2290 489 2341 533 et
2367 482 2500 533 infra

86 585 431 629 recensentur.
485 609 550 616 —
604 575 854 630 Tribunal
891 594 988 648 pro
1027 573 1192 627 causis
1232 572 1694 625 matrimonialibus
1733 570 2074 641 dijudicandis
2132 570 2497 624 Consistorium

6 682 27 747 Ξ
85 670 312 716 vocatur.
406 664 554 729 Quae
590 681 686 737 pro
723 665 816 716 2da
855 669 908 716 et
945 662 1043 715 3tia
1091 658 1336 713 instantia
1387 658 1629 730 delegata
1667 658 1770 710 sint
1808 658 1995 723 curiae,
2047 675 2138 710 suo
2195 656 2309 711 loco
2367 655 2500 708 indi-

2 750 31 822 ᾗ
87 757 259 803 catum
297 759 387 805 est.

6 823 14 844 ν’
229 838 281 890 3.
328 837 534 890 Vicario
567 837 800 907 qenerali
851 836 903 907 (e
941 833 1303 906 capitularibus
1342 830 1620 903 sumendo)
1678 832 1783 883 500
1832 830 2016 884 floreni
2055 831 2227 898 annui,
2278 830 2355 896 iis,
2414 829 2500 901 qui

83 915 343 977 secretarii
368 923 592 996 episcop.
608 941 611 945 ·
627 931 799 995 partes
825 930 1000 993 agunt,
1040 922 1148 974 200
1172 919 1223 976 fl.
1251 939 1317 974 ex
1356 920 1552 974 aerario
1579 918 1850 972 solvuntur
1889 918 2204 990 (concordat.
2233 926 2328 970 art.
2355 916 2502 990 HL).

87 1010 338 1083 Reliquae
376 1011 662 1065 officiorum
700 1011 966 1083 impensae
1005 1017 1092 1061 aut
1120 1027 1148 1061 e
1174 1007 1345 1061 fundis
1372 1007 1701 1080 generalibus
1729 1011 1817 1058 aut
1843 1007 1907 1059 ab
1934 1005 2225 1061 Ordinariis
2252 1006 2502 1058 feruntur.

83 1097 349 1150 In'·causis
388 1097 850 1151 matrimonialibus
902 1116 933 1149 a
970 1095 1202 1169 partibus
1242 1106 1401 1148 taoeae
1439 1093 1718 1148 solvendae
1756 1102 1897 1160 sunt3
1949 1093 2084 1146 idem
2135 1092 2309 1145 locum
2346 1092 2504 1143 habet

83 1184 253 1256 quoad
291 1184 696 1257 dispensationes
735 1185 993 1239 ordinario
1026 1185 1146 1255 jure
1186 1182 1395 1236 dandas.

226 1273 276 1325 4.
313 1272 560 1345 Episcopi
597 1274 888 1329 auxiliares
926 1272 979 1325 in
1017 1271 1166 1325 nulla
1204 1269 1427 1323 dioecesi
1466 1269 1708 1323 existunt.

1183 1435 1238 1501 ξ..
1307 1433 1394 1484 65.

690 1555 783 1610 De
828 1556 1045 1610 tributis
1089 1553 1484 1610 ecclesiasticis
1529 1558 1584 1608 et
1627 1550 1896 1606 civilibus

227 1705 269 1759 I.
329 1706 545 1762 Tributa
595 1707 930 1763 ecclesiastica
979 1727 1093 1761 non·
1119 1707 1310 1779 ubique
1347 1706 1530 1760 eadem
1581 1704 1781 1777 vigent.
1855 1703 2092 1776 Excepta
2130 1703 2350 1757 dioecesi
2390 1702 2504 1775 Spi-

84 1793 221 1847 rensi
271 1794 464 1866 ubique
513 1797 942 1850 semiuaristicum
992 1816 1030 1849 S.
1070 1778 1447 1851 alumnaticum
1495 1813 1525 1846 a
1563 1791 1876 1847 beneficiatis
1927 1791 1981 1844 in
2018 1811 2216 1845 summa
2257 1799 2503 1845 consueta

86 1880 253 1935 datur.
342 1881 620 1936 Praeterea
669 1884 723 1935 in
775 1882 1083 1954 quibusdam
1134 1882 1478 1950 dioecesibus,
1521 1880 1797 1953 (August.;
1839 1878 2140 1946 Eichstett.,
2181 1879 2269 1932 ubi
2307 1899 2503 1932 annuos

92 1969 192 2021 128
228 1968 277 2020 fl.
318 1970 386 2021 52
423 1970 500 2023 kr.
539 1971 717 2042 refert)
769 1982 1057 2024 consuetum
1094 1990 1328 2024 aunuum
1376 1989 1414 2022 s,
1453 1970 1732 2023 commissio
1771 1987 1953 2021 auuua
1989 1968 2148 2038 viget,
2201 1968 2233 2020 i.
2289 1986 2330 2020 e.
2383 1976 2507 2019 taxa

91 2072 186 2127 pro
225 2057 554 2111 renovatione
584 2057 958 2128 jurisdictionis
997 2077 1167 2111 annua
1204 2057 1290 2111 vel
1331 2056 1613 2129 antiquitus
1650 2074 1748 2128 pro
1786 2055 2083 2108 visitatione
2120 2055 2273 2127 episc.
2314 2055 2505 2108 debita.

88 2140 308 2196 Accedit
361 2145 761 2199 cathedraticum
817 2147 1095 2218 (August,
1155 2145 1473 2218 Monacens),
1531 2144 1875 2198 mortuarium
1932 2143 2220 2214 (August).
2324 2142 2505 2196 Taoeae

85 2228 316 2301 'denique
368 2231 667 2300 solvuntur,
720 2241 897 2304 utpote
947 2251 1043 2306 pro
1094 2235 1433 2298 institutione,
1494 2239 1738 2284 consueta
1776 2230 1973 2302 pedelli
2008 2229 2337 2302 qratiflcatia
2411 2231 2504 2283 Em

88 2315 393 2371 liberalitate
447 2327 678 2392 tempore
708 2321 928 2394 *recenti
985 2340 1015 2373 a
1069 2321 1265 2375 clericis
1323 2320 1519 2391 ubique
1571 2315 1741 2372 certae
1792 2337 2021 2371 summae
2060 2336 2259 2372 annuae
2299 2318 2502 2386 dantur,

89 2405 389 2474 praesertim
428 2425 524 2478 pro
562 2407 847 2460 seminariis
885 2425 1181 2480 puerorum,
1222 2406 1680 2480 orphanotrophiis
1715 2405 1807 2459 rel.

233 2492 280 2544 2.
346 2490 561 2545 Tributa
600 2494 819 2566 publica
877 2515 907 2549 a
946 2494 1093 2549 bonis
1133 2485 1490 2549 ecclesiasticis
1546 2493 1834 2548 secundum
1887 2494 2029 2564 leges
2084 2494 2351 2565 generales
2406 2493 2506 2547 sol-

90 2585 281 2630 vuntur
336 2577 401 2650 [e.
440 2597 519 2649 gr.
578 2580 803 2652 vectigal
858 2599 987 2652 agro
1037 2582 1351 2654 impositum,
1412 2581 1809 2648 habitationum,
1869 2581 2102 2653 quaestui
2158 2581 2504 2654 impositum]3

89 2662 337 2716 immunia
392 2683 513 2720 vero
569 2676 688 2720 sunt
741 2667 920 2721 tributi
976 2687 1071 2741 pro
1127 2669 1375 2741 impensis
1433 2669 1873 2722 communitatum.
1949 2668 2034 2720 Ex
2086 2667 2203 2739 lege
2254 2670 2338 2722 31.
2378 2669 2505 2739 Maji

89 2751 227 2803 1856
267 2752 433 2805 omnis
471 2753 682 2822 reditUS,
723 2755 812 2825 qui
849 2774 1017 2826 neque
1053 2756 1298 2828 vectigali
1335 2774 1463 2827 agro
1490 2756 1750 2829 impositO,
1789 2774 1957 2827 neque
1985 2755 2296 2822 dominicali,
2336 2774 2507 2827 neque

91 2836 313 2904 aedium,
365 2857 533 2910 neque
571 2849 809 2912 quaestus
848 2841 1108 2913 imposito,
1158 2862 1333 2915 neque
1387 2843 1612 2915 denique
1662 2861 1821 2896 censu
1874 2861 1940 2896 ex
1989 2844 2158 2897 reditu
2208 2852 2505 2896 mutuorum

87 2922 331 2977 solvendo
361 2935 603 2980 oneratus
630 2936 724 2995 est,
764 2948 937 2982 census
975 2931 1161 2986 tributo
1191 2932 1425 3001 subjacet
1452 2930 2013 3002 (Eiukommeusteuer).
2078 2931 2318 2984 Duorum
2345 2931 2505 2983 tribu-

90 3015 259 3061 torum
281 3013 623 3082 posteriorum
648 3015 890 3070 immunis
915 3025 991 3070 est
1034 3019 1086 3090 1)
1112 3018 1309 3072 reditus
1347 3018 1709 3071 fundationum
1748 3027 1798 3071 et
1824 3018 2175 3071 institutorum
2213 3038 2310 3089 pro
2351 3018 2503 3085 cultu,

91 3095 320 3162 caritate,
359 3097 710 3170 instructione,
749 3103 805 3174 2)
846 3104 1014 3176 capita
1053 3106 1263 3177 (sortes)
1303 3104 1679 3172 fundationum,
1721 3124 1853 3176 quae
1892 3105 2124 3159 deductis
2163 3105 2366 3157 tributis
2404 3105 2506 3156 fine

89 3202 180 3236 suo
219 3202 322 3236 non
360 3186 667 3256 sufficerent,
708 3190 763 3262 3)
797 3191 963 3263 capita
1000 3192 1387 3259 beneficiorum,
1431 3210 1651 3263 quorum
1689 3212 1870 3245 usuras
1910 3194 2018 3246 sive
2054 3192 2273 3245 reditum
2314 3192 2505 3245 benefi-

92 3269 275 3323 ciarius
328 3270 567 3326 adhibeat
619 3285 824 3348 oportet
879 3278 931 3347 a)
983 3277 1048 3330 ad
1098 3297 1253 3332 onera
1303 3278 1359 3331 in
1410 3287 1594 3332 natura
1641 3280 1726 3332 vel
1776 3280 2000 3332 nummis
2049 3279 2363 3350 reipublicae
2417 3279 2501 3332 vel

90 3356 291 3427 privato
346 3377 410 3411 ex
465 3359 616 3444 titulo
672 3364 880 3434 speciali
935 3366 1259 3436 praestanda,
1317 3366 1372 3438 b)
1429 3365 1496 3419 ad
1552 3366 1767 3420 alendos
1820 3376 1871 3419 et
1922 3366 2180 3438 stipendio
2233 3365 2503 3420 donandos

94 3452 467 3516 cooperatoreS,
527 3465 655 3517 quos
694 3468 952 3504 assumere
989 3451 1157 3506 debet.

237 3530 285 3584 3.
353 3531 654 3603 Singularia
722 3553 752 3585 a
807 3535 1004 3590 clericis
1055 3539 1167 3608 jam
1219 3539 1530 3610 praestanda
1585 3540 1776 3597 tributa
1844 3551 1962 3592 sunt
2019 3551 2176 3592 taoeae
2245 3542 2502 3594 occasione

95 3618 318 3669 muueris
373 3619 669 3691 conferendi
721 3621 1000 3677 solvendae.
1094 3624 1233 3697 (Hae
1287 3634 1495 3696 praeter
1550 3635 1697 3679 taxas
1747 3645 1844 3698 pro
1893 3625 2152 3678 beneficiis
2202 3634 2501 3697 patronatus

95 3702 228 3772 regii
267 3711 386 3756 sunt
422 3705 617 3759 decima
665 3707 758 3779 (10
797 3709 888 3780 oso)
937 3710 1134 3764 reditus
1179 3712 1363 3779 annui,
1413 3733 1509 3786 pro
1549 3714 1809 3767 beneficiis
1861 3713 2145 3766 collationis
2184 3712 2380 3767 liberae
2418 3716 2502 3767 vel

89 3787 519 3860 jurispatronatus
557 3793 745 3867 privati
781 3796 1018 3850 vicesima
1055 3799 1110 3870 (5
1139 3798 1247 3871 ⁰s0).
1301 3798 1548 3872 ¹Insuper
1584 3818 1759 3853 omnes
1797 3800 1851 3852 in
1891 3800 2140 3854 beneficio
2169 3800 2497 3875 suscipiendo

99 3874 163 3929 ad
202 3893 397 3932 cassam
435 3877 800 3935 Ordiuariatus
839 3881 1044 3937 solvunt
1083 3885 1386 3940 centesimas
1427 3895 1594 3941 ternas
1634 3888 1688 3961 (3
1717 3887 1826 3961 ⁰s0).
